=LDR  01446cam a2200421 a 4500
=001  020008490
=005  20040729093528.0
=008  030513m20032004nyu\\\\\\b\\\\001|0\eng\\
=010  \\$a  2003052980
=020  \\$a0826133428 (hc)
=020  \\$a0826133428
=035  \\$a(OCoLC)52271667
=040  \\$aDLC$cDLC$dC#P$dFUH
=050  00$aHV3011$b.V37 2003
=060  00$a2004 A-723
=060  10$aWB 320$bV333p 2004
=082  00$a362.4/048/019$221
=100  1\$aVash, Carolyn L.
=245  10$aPsychology of disability /$cCarolyn L. Vash, Nancy M. Crewe.
=250  \\$a2nd ed.
=260  \\$aNew York :$bSpringer Pub.,$cc2004.
=300  \\$axviii, 333 p. ;$c24 cm.
=440  \0$aSpringer series in rehabilitation$5FFmFGC$5FTS
=490  0\$aSpringer series in rehabilitation$5FBoU
=490  1\$aSpringer series on rehabilitation$5FTaSU$5FU
=504  \\$aIncludes bibliographical references (p. 301-319) and index.
=650  \0$aPeople with disabilities$xPsychology.
=650  \0$aPeople with disabilities$xRehabilitation.
=650  \2$aRehabilitation.
=650  12$aDisabled Persons$xrehabilitation.
=650  22$aDisabled Persons$xpsychology.
=700  1\$aCrewe, Nancy M.
=830  \0$aSpringer series on rehabilitation (Unnumbered)
=951  \\$102$aFAU01:001000200;$5FBoU
=951  \\$105$aFSU01:002034602;$5FTaSU
=951  \\$103$aGCU01:000276314;$5FFmFGC
=951  \\$110$aSFU01:001475559;$5FTS
=951  \\$108$aUFU01:002981858;$5FU

