=LDR  00762cam a2200217 i 4500
=001  020018385
=005  20120622205700.0
=008  800204s1978\\\\ve\\\\\\\\\\\f000|1\spa\\
=010  \\$a   79114133 //r84
=035  \\$a(OCoLC)06041200
=040  \\$aDLC$cDLC$dFUG
=050  0\$aPQ8550.18.E73$bA62
=100  1\$aHerrera, Earle,$d1949-
=245  10$aA la muerte le gusta jugar a los espejos /$cEarle Herrera.
=260  \\$aCaracas, Venezuela :$bTaller de Creación Literaria, Centro de Estudios Latinoamericanos Rómulo Gallegos, CONAC,$c1978.
=300  \\$a89 p. ;$c16 cm.
=490  1\$aNarrativa ; 4$5FU
=490  1\$aColección Voces nuevas$5FU
=830  \0$aColección Voces nuevas.
=830  \0$aColección Voces nuevas.$pNarrativa ;$v4.
=951  \\$108$aUFU01:000500383;$5FU

