=LDR  01670cam a22004218a 4500
=001  020027064
=005  20120623024400.0
=008  821221s1983\\\\nyua\\\\\b\\\\101|0\eng\\
=010  \\$a   82024624 
=015  \\$aGB83-43390
=019  \\$a10724480$a16605995
=020  \\$a0306412535
=035  \\$a(OCoLC)09133276
=040  \\$aDLC$cDLC$dVET$dFDA
=050  10$aRC681.A2$bI488 1982
=060  00$aW1$bAD559 v.161 1983
=060  10$aWG 280$bI597 1982m
=082  0\$a616.1/2$219
=090  \\$aR850$b.A3 v.161
=096  \\$aWG 280 I61 1982
=110  2\$aInternational Society for Heart Research.$bAmerican Section.$bMeeting$n(4th :$d1982 :$cNew Orleans, La.)
=245  10$aMyocardial injury /$cedited by John J. Spitzer.
=260  \\$aNew York :$bPlenum Press,$cc1983.
=300  \\$ax, 612 p. :$bill. ;$c26 cm.
=440  \0$aAdvances in experimental medicine and biology ;$vv. 161$5FU$5FTaFA
=490  0\$aAdvances in experimental medicine and biology ;$vv. 161$5FTaSU
=490  0\$aAdvances in experimental medicine and biology ; v. 161$5FBoU
=500  \\$a"Proceedings of the fourth annual meeting of the American Section of the International Society for Heart Research, held May 26-29, 1982, in New Orleans, La."$5FTaSU
=500  \\$aIncludes index.$5FTaFA
=504  \\$aIncludes bibliographical references and index.
=650  \0$aMyocardium$xDiseases$xCongresses.
=650  \2$aMyocardium$xinjuries$vcongresses.
=650  \2$aMyocardial Diseases$vcongresses.
=700  1\$aSpitzer, John J.
=951  \\$101$aAMU01:000142958;$5FTaFA
=951  \\$102$aFAU01:000235334;$5FBoU
=951  \\$105$aFSU01:000500577;$5FTaSU
=951  \\$108$aUFU01:002501171;$5FU

