=LDR  01358nam a2200325Ka 4500
=001  020037430
=005  20101130151306.0
=008  101130s1962\\\\paua\\\\\b\\\f000\0\eng\d
=035  \\$a(OCoLC)688305417
=040  \\$aFUG$cFUG
=086  0\$aY 3.At 7:22/WAPD-TM-307
=100  1\$aHillner, E.
=245  14$aThe effect of lithium hydroxide and related solutions on the corrosion rate of zircalloy in 680 F water /$cE. Hillner and J.N. Chirigos.
=260  \\$aPittsburgh, Pa. :$bBettis Atomic Power Laboratory,$c1962.
=300  \\$aiii, 39 p. :$bill. ;$c28 cm.
=490  1\$aAEC research and development report$5FU
=490  0\$aWAPD-TM ;$v307$5FU
=500  \\$a"August 1962."$5FU
=500  \\$a"Contract AT-11-1-GEN-14."$5FU
=504  \\$aIncludes bibliographical references (p. 38-39).
=500  \\$a"Bettis Atomic Power Laboratory, Pittsburgh, PA., operated for the U.S. Atomic Energy Commission by Westinghouse Electric Corporation."$5FU
=650  \0$aZirconium alloys$xCorrosion.
=650  \0$aZirconium alloys$xEffect of heat on.
=650  \0$aLithium alloys.
=700  1\$aChirigos, J. N.
=710  2\$aBettis Atomic Power Laboratory.
=710  2\$aU.S. Atomic Energy Commission.
=710  1\$aUnited States.$bDepartment of Commerce.$bOffice of Technical Services
=830  \0$aAEC research and development report.
=951  \\$108$aUFU01:005001505;$5FU

