=LDR  01309cam a2200373   4500
=001  020046505
=005  20080804134104.0
=008  710604s1971\\\\nyu\\\\\\\\\\\001|0\eng\\
=010  \\$a   74129485 
=020  \\$a0030830001
=035  \\$a(OCoLC)00142625
=040  \\$aDLC$cDLC$dFTU
=050  0\$aHA29$b.L8315
=082  0\$a519.2
=090  \\$aHA29$b.L8315
=099  \\$a346.1$aL766e
=100  1\$aLippman, Steven A.
=245  10$aElements of probability and statistics$c[by] Steven A. Lippman.
=260  \\$aNew York,$bHolt, Rinehart and Winston$c[1971]
=300  \\$axvii, 330 p.$c24 cm.
=440  \0$aInternational series in decision processes$5FU$5FOFT$5FMFIU$5FTS
=440  \0$aSeries in quantitative methods for decision making$5FOFT$5FMFIU$5FTS
=490  0\$aSeries in quantitative methods for decision-making$5FU$5FTaFA$5FJUNF$5FBoU
=490  0\$aInternational series in decision processes$5FTaFA$5FJUNF$5FBoU
=504  \\$aBibliography: p. 304-305.
=650  \0$aStatistics.
=650  \0$aProbabilities.
=951  \\$101$aAMU01:000020894;$5FTaFA
=951  \\$107$aCFU01:000018385;$5FOFT
=951  \\$102$aFAU01:000025580;$5FBoU
=951  \\$104$aFIU01:000022197;$5FMFIU
=951  \\$109$aNFU01:000020697;$5FJUNF
=951  \\$110$aSFU01:000033016;$5FTS
=951  \\$108$aUFU01:000000993;$5FU

