=LDR  02528cam a2200553 a 4500
=001  020055173
=005  20120623081100.0
=008  820729s1982\\\\nyua\\\\\b\\\\101|0\eng\\
=010  \\$a   82015037 //r873
=015  \\$aGB83-20027
=019  \\$a8688581$a16587460
=020  \\$a0306411296 :$c{dollar}27.00
=020  \\$a0306411296
=035  \\$a(OCoLC)08689754
=040  \\$aDLC$cDLC$dNLM$dUKM$dFUH
=041  0\$aeng$beng
=050  0\$aRJ482.D9$bG46 1982
=060  \\$aW1 AD559 v. 154$aWE 559 G328 1981
=060  00$aW1$bAD559 v.154 1982
=060  10$aWE 559$bG328 1981
=082  0\$a618.92/74$219
=090  \\$aR850$b.A3 v.154
=245  00$aGenetic analysis of the X chromosome :$bstudies of Duchenne muscular dystrophy and related disorders /$cedited by Henry F. Epstein and Stewart Wolf.
=246  3\$aStudies of Duchenne muscular dystrophy and related disorders
=260  \\$aNew York :$bPlenum Press,$cc1982.
=300  \\$axviii, 203 p. :$bill. ;$c26 cm.
=440  \0$aAdvances in experimental medicine and biology ;$vv. 154$5FU$5FTaFA
=490  0\$aAdvances in experimental medicine and biology ; v. 154$5FBoU
=490  0\$aAdvances in experimental medicine and biology ;$vv. 154$5FTaSU
=500  \\$a"Proceedings of a colloquium sponsored by the Muscular Dystrophy Association, held December 14-16, 1981, at Mountain Shadows Inn, Scottsdale, Arizona."--Verso t.p.$5FU$5FTaFA$5FBoU
=500  \\$a"Proceedings of a colloquium sponsored by the Muscular Dystrophy Association, held December 14-16, 1981, at Mountain Shadows Inn, Scottsdale, Arizona."$5FTaSU
=504  \\$aIncludes bibliographical references and index.
=650  \0$aDuchenne muscular dystrophy$xGenetic aspects$vCongresses.
=650  \0$aGene expression$vCongresses.
=650  \0$aMuscular dystrophy in children$xGenetic aspects$xCongresses.
=650  \2$aMuscular Dystrophy, Duchenne$xgenetics$vcongresses.
=650  \2$aSex Chromosomes$xultrastructure$vcongresses.
=650  \2$aX Chromosome$xultrastructure$vcongresses.
=650  \2$aChromosome Aberrations$xgenetics$vcongresses.
=650  \2$aMuscular dystrophy$xgenetics$xCongresses.
=650  \2$aSex chromosomes$xUltrastructure$xCongresses.
=700  1\$aEpstein, Henry F.,$d1944-
=700  1\$aWolf, Stewart,$d1914-
=700  1\$aWolf, Stewart George,$d1914-
=710  2\$aMuscular Dystrophy Association.
=951  \\$101$aAMU01:000142160;$5FTaFA
=951  \\$102$aFAU01:000233373;$5FBoU
=951  \\$105$aFSU01:000492481;$5FTaSU
=951  \\$108$aUFU01:002501161;$5FU

