=LDR  01069cam a2200325I  4500
=001  020063599
=005  20120623064100.0
=008  790521s1963\\\\nyu\\\\\\b\\\\000|0\eng\\
=010  \\$a   63005773 
=035  \\$a(OCoLC)04986285
=040  \\$aDLC$cFPJ$dSER$dOCL
=043  \\$ad-----
=050  0\$aHD9000.1$b.F565 no.13, 1963
=050  00$aHD9000.1$b.F565 no. 13
=082  00$a338.9
=090  \\$aHD82$b.T46
=100  1\$aTheobald, Robert.
=245  10$aNational development efforts.
=260  \\$a[New York]$bUnited Nations Office of Public Information$c[1963]
=300  \\$a67 p.$c23 cm.
=440  \0$aFFHC Basic study,$vno. 13$5FPeU
=490  0\$aFreedom from Hunger Campaign basic study, no. 13$5FTaSU
=490  1\$aFreedom from Hunger Campaign basic study,$vno. 13$5FMFIU
=504  \\$aIncludes bibliography.
=650  \0$aEconomic development.
=651  \0$aDeveloping countries.
=810  2\$aBasic study (Freedom from Hunger Campaign)
=951  \\$104$aFIU01:001001372;$5FMFIU
=951  \\$105$aFSU01:000401765;$5FTaSU
=951  \\$111$aWFU01:000172456;$5FPeU

