=LDR  01422nas a2200337Ia 4500
=001  020073067
=005  20120623061700.0
=008  921125c19uu9999fluar\\\\\\\\s0\\\\0eng\d
=035  \\$a(OCoLC)27031116
=040  \\$aFBA$cFBA
=043  \\$an-us-fl
=099  \9$aGFW 3:S 76/
=245  00$aFederal aid in sportfish restoration annual performance report.$pNorth Florida streams research project.
=246  00$aFederal aid in sportfish restoration annual performance report.$pNorth Florida streams research project.
=246  10$aNorth Florida streams research project
=260  \\$a[Tallahassee, Fla. :$bFlorida Game and Fresh Water Fish Commission],
=300  \\$av. :$bill. ;$c28 cm.
=310  \\$aAnnual
=490  0\$aWallop-Breaux project F-36-$5FTaSU
=490  1\$aFederal aid in sportfish restoration annual performance report$5FJUNF
=500  \\$a"Project no.: F-36-12."$5FPeU$5FJUNF$5FTaSU
=500  \\$aDescription based on: 1991-92; title from caption.$5FPeU$5FJUNF$5FTaSU
=650  \0$aFishery management$xFlorida$xPeriodicals.
=650  \0$aFish populations$zFlorida$xPeriodicals.
=650  \0$aFisheries$zFlorida$xPeriodicals.
=710  1\$aFlorida.$bGame and Fresh Water Fish Commission.
=830  \0$aFederal aid in sportfish restoration performance report.
=098  97$aGFW3:S76/
=951  \\$105$aFSU01:001336725;$5FTaSU
=951  \\$109$aNFU01:000358778;$5FJUNF
=951  \\$111$aWFU01:000512015;$5FPeU

