=LDR  00613cam a2200181Ia 4500
=001  020081402
=005  20120622210000.0
=008  860818s1928\\\\pl\\\\\\\\\\\\000|f\yidrd
=035  \\$a(OCoLC)19305773
=040  \\$aHLS$cHLS$dEMU$dFGM
=090  \\$aPJ5129.S68$bY53 1928
=100  1\$aSpector, Mordecai,$d1858-1925.
=245  10$aYidisher ḳolonisṭ :$broman /$cM. Speḳṭor.
=260  \\$aṾarshe :$bAḥisefer,$c1928.
=300  \\$a341 p. ;$c23 cm.
=490  0\$aAle ṿerḳ fun Mortkhe Speḳṭor ;$vband 8$5FBoU
=490  0\$aSpector, Mordecai, 1858-1925. Works. 1928 ;$vband 8$5FBoU
=951  \\$102$aFAU01:001001753;$5FBoU

