=LDR  03591pam a22007934a 4500
=001  020090624
=005  20120329130730.0
=008  990525s2000\\\\ncua\\\\\b\\\s001\0deng\\
=010  \\$a   99032197 
=015  \\$aGBA2-21715
=020  \\$a0807825271 (cl. : alk. paper)
=020  \\$a0807848387 (pbk. : alk. paper)
=035  \\$a(OCoLC)41488668
=035  \\$a(AcBC)A01493240
=040  \\$aDLC$cDLC$dFTU
=042  \\$apcc
=043  \\$an-us---
=050  00$aHD6067.2.U6$bS76 2000
=082  00$a331.4/25$221
=100  1\$aStorrs, Landon R. Y.
=245  10$aCivilizing capitalism :$bthe National Consumers' League, women's activism, and labor standards in the New Deal era /$cLandon R.Y. Storrs.
=260  \\$aChapel Hill :$bUniversity of North Carolina Press,$cc2000.
=300  \\$axiv, 392 p. :$bill. ;$c25 cm.
=440  \0$aGender & American culture$5FU
=490  1\$aGender and American culture$5FJUNF$5FFmFGC$5FTaFA$5FMFIU
=490  1\$aGender & American culture$5FTaSU$5FBoU$5FOFT$5FPeU
=504  \\$aIncludes bibliographical references (p. [357]-381) and index.
=610  20$aNational Consumers' League$xHistory.
=610  20$aNational Consumers' League$xBiography.
=650  \0$aWomen social reformers$zUnited States$xBiography.
=650  \0$aChildren$xEmployment$zUnited States$xHistory.
=650  \0$aWorking-women's clubs$zUnited States$xHistory.
=650  \0$aWomen$xEmployment$zUnited States$xHistory.
=650  \0$aChild labor$zUnited States$xHistory.
=650  \0$aIndustrial welfare$zUnited States$xHistory.
=650  \0$aLabor movement$zUnited States$xHistory.
=650  \0$aLabor laws and legislation$zUnited States$xHistory.
=650  \0$aNew Deal, 1933-1939.
=797  23$aRobert Zieger Labor History Collection.$5FU
=710  2\$aRobert Zieger Labor History Collection.$5FU
=830  \0$aGender & American culture.
=970  01$tAcknowledgments
=970  01$tAbbreviations
=970  01$tIntroduction$p1
=970  11$l1$tInvestigate, Agitate, Legislate: The National Consumers' League$p13
=970  11$l2$tToward Feminist Social Democracy: The Entering Wedge Strategy$p41
=970  11$l3$tSubtle Program Come Down from the North?: The Consumers' League Develops a Southern Strategy$p61
=970  11$l4$tAcid Test of the New Deal: The National Recovery Administration, 1933-1935$p91
=970  11$l5$tBucking the Bourbons: Lucy Mason Organizes for the Consumers' League in the South$p125
=970  11$l6$tAgents of the New Deal: Consumers' League Women Campaign in Virginia, South Carolina, and Kentucky$p153
=970  11$l7$tAmbiguous Victory: The Fair Labor Standards Act of 1938$p177
=970  11$l8$tReaction: The Consumers' League Program under Attack$p207
=970  11$l9$tAlways Democracy: The Consumers' League in the Post-New Deal Era$p229
=970  01$tConclusion$p253
=970  11$lApp. 1$tNational Consumers' League Officers, 1933 and 1941$p259
=970  11$lApp. 2$tBiographical Data on Fifty Consumers' League Activists in the 1930s$p263
=970  11$lApp. 3$tSelected Landmarks in the History of Labor Standards Regulation$p271
=970  01$tNotes$p273
=970  01$tBibliography$p357
=970  01$tIndex$p383
=951  \\$101$aAMU01:000410877;$5FTaFA
=951  \\$107$aCFU01:000847690;$5FOFT
=951  \\$102$aFAU01:000781380;$5FBoU
=951  \\$104$aFIU01:000887236;$5FMFIU
=951  \\$105$aFSU01:002270182;$5FTaSU
=951  \\$103$aGCU01:000183583;$5FFmFGC
=951  \\$109$aNFU01:000501983;$5FJUNF
=951  \\$108$aUFU01:002553832;$5FU
=951  \\$111$aWFU01:000482962;$5FPeU

