=LDR  01809nam a2200469 a 4500
=001  020102196
=005  20140327163500.0
=008  020515s2002\\\\bcc\\\\\\b\\\\001|0\eng\d
=010  \\$a  2002437301
=015  \\$aGBA2-X2095
=019  \\$a50646019
=020  \\$a0774808861
=035  \\$a(OCoLC)49727455
=040  \\$aUKM$cUKM$dDLC$dFTU
=042  \\$apcc
=043  \\$an-cn-bc
=045  2\$aw7x6
=050  00$aHN110.B7$bR45 2002
=082  04$a303.330971$221
=245  00$aRegulating lives :$bhistorical essays on the state, society, the individual, and the law /$cedited by John McLaren, Robert Menzies, and Dorothy E. Chunn.
=260  \\$aVancouver, BC :$bUBC Press,$cc2002.
=300  \\$avi, 314 p. ;$c24 cm.
=490  1\$aLaw and society series$5FOFT$5FU
=490  1\$aLaw and society series,$x1496-4953$5FMFIU$5FTaSU
=504  \\$aIncludes bibliographical references and index.
=650  \0$aLaw$xSocial aspects$zBritish Columbia.
=650  \0$aSocial control$zBritish Columbia$xHistory$y20th century.
=650  \0$aSocial control$zBritish Columbia$xHistory$y19th century.
=650  \0$aSocial control$zBritish Columbia$xHistory.
=651  \0$aBritish Columbia$xSocial policy.
=651  \0$aBritish Columbia$xSocial conditions$y19th century.
=651  \0$aBritish Columbia$xSocial conditions$y20th century.
=700  1\$aMcLaren, John,$d1940-
=700  1\$aMenzies, Robert J.,$d1951-
=700  1\$aChunn, Dorothy E.
=700  1\$aChunn, Dorothy E.$q(Dorothy Ellen),$d1943-
=830  \0$aLaw and society series (Vancouver, B.C.)
=856  42$3Table of contents$uhttp://www.loc.gov/catdir/toc/fy032/2002437301.html$5FU
=951  \\$107$aCFU01:001002200;$5FOFT
=951  \\$104$aFIU01:001020862;$5FMFIU
=951  \\$105$aFSU01:002085301;$5FTaSU
=951  \\$108$aUFU01:002981424;$5FU

