=LDR  01842cam a2200409I  4500
=001  020111594
=005  20120623061900.0
=008  850916s1961\\\\fluab\\\\\\\\\000\0\eng\c
=010  \\$aa  62009016 
=035  \\$a(OCoLC)12558920
=040  \\$aFlorida. Univ. Library$cRCE$dOCL$dOCLCQ$dFTU
=043  \\$an-us-fl
=090  \\$aQE99$b.A32 no. 30
=099  \\$aNR.I3:$aI5/30
=099  \9$aNR.I 3:I 5/30/961
=100  1\$aMusgrove, Rufus H.
=245  10$aInterim report on the water resources of Escambia and Santa Rosa counties, Florida,$cby R.H. Musgrove, J.T. Barraclough, and O.T. Marsh. Prep. by the United States Geological Survey in cooperation with the Florida Geological Survey, Escambia County, Santa Rosa County and the City of Pensacola.
=260  \\$aTallahassee,$c1961
=300  \\$aiv, 89 p.$billus., maps (part fold.)$c23 cm.
=410  20$aFlorida Geological Survey.$tInformation circular$vno. 30$5FFmFGC
=490  1\$aFlorida Geological Survey. Information circular, no. 30$5FPeU
=490  1\$aFlorida Geological Survey. Information circular$vno. 30$5FOFT$5FJUNF
=504  \\$aBibliography: p. 87-89.
=650  \0$aGroundwater$zFlorida$zSanta Rosa County.
=650  \0$aWater-supply$zFlorida$zEscambia County.
=650  \0$aGroundwater$zFlorida$zEscambia County.
=700  1\$aGrantham, Rodney G.,$ejt. author.
=700  1\$aBarraclough, Jack T.,$ejt. author.
=710  2\$aGeological Survey (U.S.)
=810  2\$aFlorida Geological Survey.$tInformation circular ;$vno. 30.
=830  \0$aInformation circular (Florida. Bureau of Geology) ;$vno. 30.
=830  \0$aInformation circular (Florida Geological Survey) ;$vno. 30.
=098  97$aNR.I3:I5/30
=951  \\$107$aCFU01:001002401;$5FOFT
=951  \\$103$aGCU01:000179726;$5FFmFGC
=951  \\$109$aNFU01:000403809;$5FJUNF
=951  \\$111$aWFU01:000355881;$5FPeU

