=LDR  01289nam a2200337   4500
=001  020120380
=005  20120306134027.0
=008  700817s1968\\\\nyu\\\\\\b\\\|000\0\eng\\
=010  \\$a   71000372 
=035  \\$a(OCoLC)00037771
=040  \\$aDLC$cDLC$dFTU
=050  0\$aHF5006$b.N3 no. 127
=082  0\$a658.1/52
=100  1\$aHamel, Henry G.
=245  10$aLeasing in industry;$b[a research report from the Conference Board]$cby Henry G. Hamel.
=260  \\$a[New York,$bNational Industrial Conference Board,$c1968]
=300  \\$av, 111 p. ;$c28 cm.
=440  \0$aStudies in business policy,$vno. 127$5FPeU
=490  0\$aConference Board. Business policy study, no. 127$5FTaSU
=490  1\$aBusiness policy study, no. 127$5FJUNF$5FOFT$5FBoU
=490  1\$aBusiness policy study,$vno. 127$5FMFIU
=504  \\$aBibliographical footnotes.
=650  \0$aIndustrial equipment leases$zUnited States.
=810  2\$aNational Industrial Conference Board.$tStudies in business policy,$vno. 127
=830  \0$aStudies in business policy,$vno. 127.
=951  \\$107$aCFU01:000005189;$5FOFT
=951  \\$102$aFAU01:000007179;$5FBoU
=951  \\$104$aFIU01:000005017;$5FMFIU
=951  \\$105$aFSU01:000009050;$5FTaSU
=951  \\$109$aNFU01:000004589;$5FJUNF
=951  \\$111$aWFU01:000008351;$5FPeU

