=LDR  01363cam a2200409   4500
=001  020127754
=005  20080314094650.0
=008  700916s1970\\\\nyua\\\\\b\\\\001|0\eng\\
=010  \\$a   75117079 
=035  \9$a(OCoLC)00093537
=040  \\$aDLC$cDLC$dOCL$dm.c.$dFTU
=050  0\$aBF637.N4$bS94
=050  0\$aBF637.N4$bS94 1970
=082  0\$a301.2
=090  \\$aBF637.N4$bS94
=099  \\$a301.2$aS978s
=100  1\$aSwingle, Paul G.
=245  14$aThe structure of conflict,$cedited by Paul Swingle.
=260  \\$aNew York,$bAcademic Press,$c1970.
=300  \\$ax, 305 p.$billus.$c24 cm.
=440  \0$aSocial psychology$5FTS$5FOFT
=490  0\$aSocial psychology$5FSsNC$5FMFIU$5FJUNF$5FPeU$5FTaFA$5FBoU$5FU
=490  0\$aSocial psychology ; a series of monographs, treatises, and texts$5FTaSU
=504  \\$aIncludes bibliographies.
=650  \0$aNegotiation
=650  \0$aSocial conflict
=650  \0$aGames of strategy (Mathematics)
=951  \\$101$aAMU01:000014019;$5FTaFA
=951  \\$107$aCFU01:000300696;$5FOFT
=951  \\$102$aFAU01:000015992;$5FBoU
=951  \\$104$aFIU01:000011772;$5FMFIU
=951  \\$105$aFSU01:000021269;$5FTaSU
=951  \\$106$aNCU01:000002897;$5FSsNC
=951  \\$109$aNFU01:000010820;$5FJUNF
=951  \\$110$aSFU01:000020340;$5FTS
=951  \\$108$aUFU01:000020432;$5FU
=951  \\$111$aWFU01:000016750;$5FPeU

