=LDR  01135nam a2200301   4500
=001  020136193
=005  20100210095450.0
=008  691204r19691946nyuabch\\b\\\\001|0\eng\\
=010  \\$a   68057657 
=035  \\$a(OCoLC)00046332
=040  \\$aDLC$cDLC$dFXN
=043  \\$an-usu--
=050  0\$aE78.S65$bS9 1969b
=082  0\$a970.4/5
=090  \\$aE78.S65$bS9 1969b
=100  1\$aSwanton, John Reed,$d1873-1958.
=245  14$aThe Indians of the southeastern United States.
=260  \\$aNew York,$bGreenwood Press$c[1969]
=300  \\$axiii, 943 p.$billus., facsims., maps, ports.$c27 cm.
=490  0\$aSmithsonian Institution. Bureau of American Ethnology. Bulletin 137$5FMFIU
=490  1\$aSmithsonian Institution. Bureau of American Ethnology ;$vBulletin137$5FTaFA
=500  \\$aReprint of the 1946 ed.$5FMFIU$5FTaFA
=504  \\$aBibliography: p. 832-856.
=650  \0$aIndians of North America$zSouthern States.
=830  \0$aBulletin (Smithsonian Institution. Bureau of American Ethnology)$v137
=899  \0$aWilliam M. Straight collection.$5FMFIU
=951  \\$101$aAMU01:000005903;$5FTaFA
=951  \\$104$aFIU01:000005489;$5FMFIU

