=LDR  01558cam a2200361   4500
=001  020144344
=005  20080930154814.0
=008  691006r19681785nyu\\\\\\b\\\\000|0\engm\
=010  \\$a   72006273 
=035  \\$a(OCoLC)00027029
=040  \\$aDLC$cDLC$dFSL
=041  1\$aengfre
=050  0\$aJK136$b.M162 1968
=082  0\$a320.9/73
=090  \\$aJK136$b.M3
=090  \\$aJK136$b,M162 1969
=099  \\$aJK136$b.M162 1785a
=100  1\$aMably, Gabriel Bonnot de,$d1709-1785.
=240  10$aObservations sur le gouvernement et les lois des États-Unis.$lEnglish
=245  10$aRemarks concerning the government and the laws of the United States of America;$bin four letters, addressed to Mr. Adams, from the French, of the Abbé de Mably.
=260  \\$aNew York,$bB. Franklin$c[1968]
=300  \\$a280 p.$c22 cm.
=490  0\$aBurt Franklin American classics of history and social science series,$v4$5FTaFA
=490  1\$aBurt Franklin American classics of history and social science series, 4$5FTS
=490  1\$aAmerican classics in history and social science series ;$v4$5FTaSU
=500  \\$aReprint of the 1785 ed.$5FTS$5FTaSU$5FTaFA
=500  \\$aTranslation of Observations sur le gouvernement et les lois des États-Unis.$5FTS$5FTaSU$5FTaFA
=504  \\$aIncludes bibliographical references.
=651  \0$aUnited States$xPolitics and government$y1775-1783.
=830  \0$aAmerican classics in history and social science,$v4.
=951  \\$101$aAMU01:000152622;$5FTaFA
=951  \\$105$aFSU01:000561969;$5FTaSU
=951  \\$110$aSFU01:000007056;$5FTS

