=LDR  01205cam a22003731  4500
=001  020153266
=005  20110128141352.0
=008  740514s1967\\\\ne\a\\\\\b\\\\000|0\eng\\
=010  \\$a   67010468 
=015  \\$aNe***
=019  \\$a678646
=035  \\$a(OCoLC)00559725
=040  \\$aDLC$cDLC$dm.c.$dFTU
=050  0\$aQR106$b.W63
=082  0\$a576.1/9/2
=096  \\$aQR 106 W874m 1967
=099  \\$a442.1$aW874m
=100  1\$aWood, E. J. Ferguson.
=245  10$aMicrobiology of oceans and estuaries,$cby E. J. Ferguson Wood.
=260  \\$aAmsterdam,$aNew York [etc.]$bElsevier Pub. Co.,$c1967.
=300  \\$axi, 319 p.$billus.$c22 cm.
=440  \0$aElsevier oceanography series,$v3$5FU$5FTS$5FOFT
=490  0\$aElsevier oceanography series,$v3$5FSsNC
=490  0\$aElsevier oceanography series, 3$5FTaSU$5FBoU
=504  \\$aBibliography: p. [281]-306.
=650  \0$aMarine microbiology.
=650  \2$aMarine Biology
=650  \2$aWater Microbiology
=951  \\$107$aCFU01:000221271;$5FOFT
=951  \\$102$aFAU01:000101152;$5FBoU
=951  \\$105$aFSU01:000549283;$5FTaSU
=951  \\$106$aNCU01:000023936;$5FSsNC
=951  \\$110$aSFU01:000148360;$5FTS
=951  \\$108$aUFU01:000003203;$5FU

