=LDR  00956cam a2200277Ia 4500
=001  020162650
=005  20120623023000.0
=008  731113s1970\\\\uy\\\\\\\b\\\\000|0\spa\d
=035  \\$a(OCoLC)00740058
=040  \\$cOUN$cOUN$dFXG
=090  \\$aPQ7519.D3$bA6 1970
=090  \\$aPQ7519.D3$bP34
=100  1\$aDarío, Rubén,$d1867-1916.
=245  10$aPáginas desconocidas de Rubén Darío /$crecopilación y prólogo, Roberto Ibañez.
=250  \\$a1. ed.
=260  \\$aMontevideo, Uruguay :$bBiblioteca de Marcha,$c[1970]
=300  \\$a229 p. ;$c19 cm.
=440  \0$aPáginas de Rubén Darío ;$v1$5FMFIU
=490  0\$aPáginas de Rubén Darío ;$v1$5FJUNF
=490  0\$aPáginas de Rubén Darío, 1$5FPeU
=504  \\$aIncludes bibliographical references and index.
=700  1\$aIbañez, Roberto.
=700  1\$aIbañez, Roberto,$d1927-
=951  \\$104$aFIU01:000503569;$5FMFIU
=951  \\$109$aNFU01:000092098;$5FJUNF
=951  \\$111$aWFU01:000228269;$5FPeU

