=LDR  01956nam a2200481Ia 4500
=001  020172857
=005  20101011093800.0
=008  990603s1999\\\\mdua\\\\\\\\\f000\0\eng\d
=035  \\$atmp97144067
=035  \\$a(MARCIVE)tmp97144067
=035  \\$a(OCoLC)41477949
=040  \\$aBGU$cBGU
=042  \\$apcc
=043  \\$an-us---
=074  \\$a0306
=086  0\$aD 1.2:M 46/7
=090  \\$aRC971$b.M66 1999
=100  1\$aMoore, Francis D.$q(Francis Daniels),$d1913-2001.
=245  10$aNew kinds of war, new kinds of peace /$cby Francis D. Moore.
=260  \\$a<Bethesda, Md.?> :$bUniformed Services University of the Health Sciences,$c<1998?>
=300  \\$a[8] p. :$bill. ;$c28 cm.
=440  \0$aUSU monographs.$pMilitary medicine & research series$5FTaFA$5FOFT$5FU$5FTaSU$5FFmFGC$5FBoU$5FTS$5FMFIU
=440  \0$aPackard lecture ;$v1998$5FTaSU
=490  1\$aUSU monographs. Military medicine & research series$5FJUNF
=490  1\$aDavid Packard memorial lecture ;$v1998$5FJUNF
=500  \\$aShipping list no.: 99-0170-P.$5FTaFA$5FOFT$5FU$5FFmFGC$5FBoU$5FTS$5FMFIU
=500  \\$a"Packard Lecture, 1998"--P. [1] of cover.$5FTaFA$5FOFT$5FU$5FFmFGC$5FBoU$5FTS$5FMFIU
=500  \\$aCaption title.$5FTaFA$5FOFT$5FU$5FTaSU$5FFmFGC$5FBoU$5FTS$5FMFIU$5FJUNF
=610  20$aUniformed Services University of the Health Sciences.
=650  \0$aMedicine, Military$zUnited States.
=650  \0$aWar.
=710  2\$aUniformed Services University of the Health Sciences.
=830  \0$aUSU monographs.$pMilitary medicine & research series.
=830  \0$aDavid Packard memorial lecture ;$v1998.
=098  98$aD1.2:M46/7
=951  \\$101$aAMU01:000503640;$5FTaFA
=951  \\$107$aCFU01:001006304;$5FOFT
=951  \\$102$aFAU01:000945335;$5FBoU
=951  \\$104$aFIU01:000928119;$5FMFIU
=951  \\$105$aFSU01:001756854;$5FTaSU
=951  \\$103$aGCU01:000262714;$5FFmFGC
=951  \\$109$aNFU01:000478386;$5FJUNF
=951  \\$108$aUFU01:002551532;$5FU

