=LDR  00864nam a2200265I  4500
=001  020180088
=005  20120623015900.0
=008  840621s1964\\\\nyu\\\\\\b\\\\000|0\eng\c
=010  \\$a64056065  
=035  \\$a(OCoLC)00669703
=040  \\$cWSU$dFUA
=050  \\$aQA273$b.G59
=092  \\$a519$bG591i
=099  \\$a346.1$aG591i
=100  1\$aGodwin, H. J.$q(Herbert James)
=245  10$aInequalities on distribution functions.
=260  \\$aNew York,$bHafner Pub. Co.,$c1964.
=300  \\$a96 p.
=490  0\$aGriffin's statistical monographs & courses, no.16$5FU
=490  1\$aGriffin's statistical monographs & courses,$vno. 16$5FTaSU
=504  \\$aBibliography: p. 94-96.
=650  \0$aDistribution (Probability theory)
=830  \0$aGriffin's statistical monographs & courses ;$vno. 16.
=951  \\$105$aFSU01:000640335;$5FTaSU
=951  \\$108$aUFU01:000003743;$5FU

