=LDR  01670cam a2200409Ia 4500
=001  020186116
=005  20080808154036.0
=008  000215s1999\\\\dcua\\\\\b\\\\000\0\eng\d
=010  \\$a99076878
=020  \\$a0309068606
=020  \\$a9780309068604
=035  \\$a(OCoLC)43462252
=040  \\$aTRL$cTRL$dIQU$dDAY$dBAKER$dYDXCP$dFDA
=043  \\$an-us---
=090  \\$aTA1001.5$b.N38 no. 33
=090  \\$aHE4311$b.V64 1999
=092  \\$a380.5$bT252 no.33 1999
=100  1\$aVolinski, Joel.
=245  10$aPractices in assuring employee availability /$cJoel Volinski.
=246  1\$iAt head of title:$aTransit Cooperative Research Program
=260  \\$aWashington, D.C. :$bNational Academy Press,$c1999.
=300  \\$a69 p. :$bill. ;$c28 cm.
=490  0\$aSynthesis of transit practice ;$v33$5FTaSU
=490  1\$aSynthesis of transit practice,$x1073-4880 ;$v33$5FU
=500  \\$a"Transportation Research Board, National Research Council."$5FTaSU$5FU
=500  \\$a"Research sponsored by the Federal Transit Administration in cooperation with the Transit Development Corporation."$5FTaSU$5FU
=504  \\$aIncludes bibliographical references (p. 45-46).
=650  \0$aEmployees$xRecruiting$zUnited States.
=650  \0$aAbsenteeism (Labor)
=650  \0$aLocal transit$zUnited States$xEmployees.
=650  \0$aLocal transit$zUnited States$xPersonnel management.
=710  1\$aUnited States.$bFederal Transit Administration.
=710  2\$aTransit Development Corporation.
=710  2\$aTransit Cooperative Research Program.
=830  \0$aSynthesis of transit practice (1993) ;$v33.
=951  \\$105$aFSU01:002504091;$5FTaSU
=951  \\$108$aUFU01:002546910;$5FU

