=LDR  03195cam a2200589 a 4500
=001  020193110
=005  20100226181352.0
=008  051208s2005\\\\dcu\\\\\bb\\\f000\0\eng\c
=010  \\$a2005452881
=020  \\$a0160727278
=035  \\$a(OCoLC)61285154
=035  \\$a(MARCIVE)tmp97340820
=035  \\$atmp97340820
=035  \\$atmp97341269
=037  \\$a552-070-33049-6$bGPO
=040  \\$aSEN$cSEN$dGPO$dDLC$dMvI
=042  \\$apcc
=043  \\$an-us---
=050  14$aKF26$b.A659 2005
=074  \\$a1033
=074  \\$a1033 (online)
=074  \\$a1033-A (MF)
=074  \\$a1033-A (online)
=086  0\$aY 4.AP 6/2:S.HRG.109-76
=110  1\$aUnited States.$bCongress.$bSenate.$bCommittee on Appropriations.$bSubcommittee on Commerce, Justice, State, the Judiciary, and Related Agencies.
=245  10$aFederal Bureau of Investigation's information technology modernization program, Trilogy :$bhearing before a subcommittee of the Committee on Appropriations, United States Senate, One Hundred Ninth Congress, first session, special hearing, February 3, 2005, Washington, DC.
=260  \\$aWashington :$bU.S. G.P.O. :$bFor sale by the Supt. of Docs., U.S. G.P.O.,$c2005.
=300  \\$aiv, 79 p. ;$c24 cm.
=490  0\$aS. hrg. ; 109-76$5FTaSU
=490  1\$aS. hrg. ;$v109-76$5FU$5FTaFA$5FOFT$5FTS$5FBoU$5FMFIU
=500  \\$aShipping list no.: 2005-0298-M.$5FTaSU
=500  \\$aShipping list unavailable.$5FOFT$5FBoU
=500  \\$aDistributed to some depository libraries in microfiche.$5FU$5FTaFA$5FOFT$5FTS$5FBoU$5FMFIU
=500  \\$aShipping list no.: 2005-0226-P.$5FU$5FTaFA$5FTS$5FMFIU
=504  \\$aIncludes bibliographical references.
=530  \\$aAlso available via Internet from the GPO Access web site. Addresses as of 8/24/05: http://frwebgate.access.gpo.gov/cgi-bin/getdoc.cgi?dbname=109%5Fsenate%5Fhearings&docid=f:20668.wais (text version); http://frwebgate.access.gpo.gov/cgi-bin/getdoc.cgi?dbname=109%5Fsenate%5Fhearings&docid=f:20668.pdf (PDF version); current access is available via PURLs..$5FU$5FTaFA$5FOFT$5FTS$5FBoU$5FTaSU$5FMFIU
=533  \\$aMicrofiche.$b[Washington, D.C.] :$cSUPTDOCS/GPO,$d[2005]$e1 microfiche : negative.$5FTaSU
=610  10$aUnited States.$bFederal Bureau of Investigation$xData processing$xEvaluation.
=610  10$aUnited States.$bFederal Bureau of Investigation$xInformation technology$xEvaluation.
=650  \0$aInformation storage and retrieval systems$xCriminal investigation$zUnited States.
=655  \7$aelectronic book$vdocument (federal)$2local
=710  1\$aUnited States.$bCongress.$bSenate.$bCommittee on Appropriations.
=810  1\$aUnited States.$bCongress.$bSenate.$tS. hrg ;$v109-76.
=856  41$3Text version:$uhttp://purl.access.gpo.gov/GPO/LPS63172$5FU$5FTaFA$5FOFT$5FTS$5FBoU$5FTaSU$5FMFIU
=856  41$3PDF version:$uhttp://purl.access.gpo.gov/GPO/LPS63173$5FU$5FTaFA$5FOFT$5FTS$5FBoU$5FTaSU$5FMFIU
=951  \\$101$aAMU01:000608241;$5FTaFA
=951  \\$107$aCFU01:001150179;$5FOFT
=951  \\$102$aFAU01:001214025;$5FBoU
=951  \\$104$aFIU01:001273839;$5FMFIU
=951  \\$105$aFSU01:002285996;$5FTaSU
=951  \\$110$aSFU01:001708109;$5FTS
=951  \\$108$aUFU01:004027070;$5FU

