=LDR  01107nam a22002891  4500
=001  020199907
=005  20120623033600.0
=008  700217s1966\\\\oncab\\\\b\\\\000|0\engm\
=010  \\$a   74003372 
=035  \\$a(OCoLC)00040011
=040  \\$aDLC$cDLC$dm.c.$dFDA
=041  0\$aeng$bengfre
=050  0\$aQE185$b.A435 no.124
=082  0\$a557.12/21
=100  1\$aRoss, John V.
=245  14$aThe structure and metamorphism of Mesa Lake map-area, District of Mackenzie 86B/14 (west half),$cby John V. Ross.
=260  \\$a[Ottawa]$bDept. of Mines and Technical Surveys$c[1966]
=300  \\$a39 p.$billus., maps (2 col.)$c25 cm.
=490  0\$aCanada. Geological Survey. Bulletin$v124$5FTaSU
=490  1\$aGeological Survey of Canada. Bulletin 124$5FTS
=500  \\$aAbstract in English and French.$5FTaSU$5FTS
=500  \\$aPart of illustrative matter in pocket.$5FTaSU$5FTS
=504  \\$aBibliography: p. 39.
=650  \0$aGeology$zNorthwest Territories$zMesa Lake Region.
=830  \0$aBulletin (Geological Survey of Canada) ;$v124.
=951  \\$105$aFSU01:000009341;$5FTaSU
=951  \\$110$aSFU01:001234543;$5FTS

