=LDR  01818cam a2200397   4500
=001  020206886
=005  20120623023500.0
=008  700225s1969\\\\dcua\\\\\b\\\\100|0\engm\
=010  \\$a   77602505 
=035  \\$a(OCoLC)00056898
=040  \\$aDLC$cDLC$dm.c.$dIUD$dFCM
=050  0\$aQL55$b.A53
=082  0\$a619
=090  \\$aQL55$b.A53
=096  \\$aQY 50 S988a 1969
=245  00$aAnimal models for biomedical research, II :$bproceedings of a symposium /$csponsored jointly by the Institute of Laboratory Animal Resources, National Research Council, and the American College of Laboratory Animal Medicine.
=260  \\$aWashington :$bNational Academy of Sciences,$c1969.
=300  \\$a53 p. :$billus. ;$c23 cm.
=490  1\$aPublication ; 1736$5FTaFA
=490  1\$aNational Academy of Sciences, Washington, D.C. Publication ;$v1736$5FU$5FPeU
=500  \\$aThe 1st symposium, held in 1967, has name: Symposium on Animal Models for Biomedical Research.$5FTaFA$5FU$5FPeU
=500  \\$aSymposium held July 22, 1968 at the annual meeting of the American Veterinary Medical Association.$5FTaFA$5FU$5FPeU
=504  \\$aIncludes bibliographies.
=650  \0$aMedicine$xResearch$xCongresses.
=650  \0$aLaboratory animals$xCongresses.
=650  \2$aAnimals, Laboratory
=650  \2$aResearch
=710  2\$aNational Research Council (U.S.)
=710  2\$aInstitute of Laboratory Animal Resources (U.S.)
=710  2\$aAmerican College of Laboratory Animal Medicine.
=710  2\$aAmerican Veterinary Medical Association.
=810  2\$aNational Research Council (U.S.).$tPublication - National Research Council;$v1736
=830  \0$aPublication (National Research Council (U.S.)) ;$vno. 1736.
=951  \\$101$aAMU01:000007700;$5FTaFA
=951  \\$108$aUFU01:000553323;$5FU
=951  \\$111$aWFU01:000232503;$5FPeU

