=LDR  01010cam a2200289I  4500
=001  020215638
=005  20120126094337.0
=008  740318r19671961ilu\\\\\\b\\\\001|0\eng\d
=035  \\$a(OCoLC)00833414
=040  \\$cTRL$dFTU
=090  \\$aHD9565$b.E5 1967
=100  1\$aEngler, Robert,$d1922-2007.
=245  14$aThe politics of oil :$ba study of private power and democratic directions /$cRobert Engler.
=260  \\$aChicago :$bThe University of Chicago Press,$c1967, c1961.
=300  \\$a565 p. ;$c20 cm.
=490  0\$aPhoenix books$5FMFIU
=490  0\$aPhoenix Books P284$5FPeU$5FJUNF
=500  \\$a"Phoenix Books."$5FU$5FOFT
=500  \\$aIncludes index.$5FU
=504  \\$aBibliography: p.499-546.
=590  \\$a"Second impression, 1969."$5FJUNF
=650  \0$aPetroleum industry and trade$zUnited States.
=951  \\$107$aCFU01:000086028;$5FOFT
=951  \\$104$aFIU01:000097089;$5FMFIU
=951  \\$109$aNFU01:000098079;$5FJUNF
=951  \\$108$aUFU01:000004456;$5FU
=951  \\$111$aWFU01:000097713;$5FPeU

