=LDR  01357nam a2200385   4500
=001  020223923
=005  20120312101448.0
=008  700604s1970\\\\wb\\\\\\\b\\\|001\0\eng\\
=010  \\$a   74114015 
=015  \\$aGDB***
=035  \\$a(OCoLC)00077442
=040  \\$aDLC$cDLC$dFHM
=050  0\$aQA3$b.L28 no.123
=082  0\$a512/.815
=099  \\$a510.08$aL471$ano.123
=100  1\$aJategaonkar, A. V.
=245  10$aLeft principal ideal rings$c[by] A. V. Jategaonkar.
=260  \\$aBerlin,$aNew York,$bSpringer-Verlag,$c1970.
=300  \\$a145 p.$c26 cm.
=440  \0$aLecture notes in mathematics (Springer-Verlag)$v123$5FU
=440  \0$aLecture notes in mathematics (Springer-Verlag)$vno. 123$5FSsNC$5FTS
=490  0\$aLecture notes in mathematics. no.123$5FTaSU
=490  1\$aLecture notes in mathematics, 123$5FJUNF$5FMFIU$5FBoU
=504  \\$aBibliography: p. [138]-143.
=650  \0$aIdeals (Algebra)
=650  \0$aRings (Algebra)
=830  \0$aLecture notes in mathematics (Springer-Verlag)$v123
=830  \0$aLecture notes in mathematics (Berlin)$v123
=951  \\$102$aFAU01:000013180;$5FBoU
=951  \\$104$aFIU01:000009605;$5FMFIU
=951  \\$105$aFSU01:000017210;$5FTaSU
=951  \\$106$aNCU01:000050932;$5FSsNC
=951  \\$109$aNFU01:000008238;$5FJUNF
=951  \\$110$aSFU01:000380381;$5FTS
=951  \\$108$aUFU01:000019196;$5FU

