=LDR  01113nam a2200313I  4500
=001  020230405
=005  20090130162112.0
=008  760209s1936\\\\ck\\\\\\\\\\\\000|0\spa\\
=010  \\$a   36037363 
=019  \\$a20191270
=035  \\$a(OCoLC)01979643
=040  \\$aDLC$cGUA
=050  0\$aPQ8179.C3$bN7
=082  \\$a863.6
=090  \\$aPQ8173$b.S44, no.12
=092  \\$a860.8$bS464, no.12
=100  1\$aCarrasquilla, Tomás,$d1858-1940.
=245  10$aNovelas,$cpor Tomas Carrasquilla.
=250  \\$a3. ed.
=260  \\$aBogotá,$bEditorial Minerva, s.a.$c[1936]
=300  \\$a165 p.$c20 cm.
=490  0\$aBiblioteca aideana de Colombia. [Cuento y novela.$vn.e 12]$5FMFIU
=490  0\$aSelección Samper Ortega de literatura colombiana. Cuento y novela,$vno. 12$5FTaSU
=490  0\$aBiblioteca aldeana de Colombia. [Cuento y novela.$vn.e 12]$5FU
=500  \\$a"Reprinted, 1936."$5FMFIU$5FTaSU$5FU
=505  0\$aEn la diestra de Dios Padre. -Saive, Regina. -Dimitas Arias.$5FMFIU$5FTaSU$5FU
=951  \\$104$aFIU01:001004799;$5FMFIU
=951  \\$105$aFSU01:000655954;$5FTaSU
=951  \\$108$aUFU01:001775563;$5FU

