=LDR  01047nam a2200325 a 4500
=001  020238824
=005  20120623030400.0
=008  850327s1984\\\\enk\\\\\\\\\\\000|0\eng\d
=010  \\$a   84242213 
=019  \\$a11856098
=020  \\$a0413578100 (pbk.)
=020  \\$a0413578100 :$c{dollar}5.00
=020  \\$a0413578100
=035  \\$a(OCoLC)12752157
=040  \\$aDLC$cDLC$dFHM
=050  0\$aPR6064.E925$bH6 1984
=082  0\$a822/.914$219
=090  \\$aPR6064.E925$bH6 1984
=100  1\$aNewman, G. F.$q(Gordon F.)
=245  13$aAn honourable trade /$cG.F. Newman.
=260  \\$aLondon ;$aNew York :$bPublished by Methuen in association with Royal Court Theatre,$cc1984.
=300  \\$a39 p. ;$c21 cm.
=440  \0$aRoyal Court writers series$5FTS$5FTaSU
=490  0\$aMethuen paperback$5FTaSU$5FPeU
=490  0\$aRoyal Court writers series$5FPeU$5FBoU
=500  \\$aA play.$5FTaSU$5FPeU
=951  \\$102$aFAU01:000251457;$5FBoU
=951  \\$105$aFSU01:000542269;$5FTaSU
=951  \\$110$aSFU01:000507330;$5FTS
=951  \\$111$aWFU01:000220338;$5FPeU

