=LDR  00952cam a2200277Ia 4500
=001  020246865
=005  20120623062600.0
=008  860514s1986\\\\mdua\\\\\b\\\\000|0\eng\d
=020  \\$c{dollar}20.00
=035  \\$a(OCoLC)13567263
=040  \\$aIXA$cIXA$dAKM$dFHM
=090  \\$aRC423$b.A2 no.24
=096  \\$aWM 475 As31m no.24 1986
=245  00$aPrinciples of tympanometry /$cKarel J. van Camp ... [et al.].
=260  \\$aRockville, Md. :$bAmerican-Speech-Language-Hearing Association,$c1986.
=300  \\$avii, 88 p. :$bill. ;$c28 cm.
=490  0\$aASHA monographs,$x0066-071X ;$vno. 24$5FTaSU
=490  1\$aASHA monographs ;$vno. 24$5FTS
=504  \\$aBibliography: p. 84-88.
=650  \0$aAcoustic impedance.
=650  \0$aAudiometry, Impedance.
=700  1\$aCamp, Karel J. van.
=710  2\$aAmerican Speech-Language-Hearing Association.
=830  \0$aASHA monographs ;$vno. 24
=951  \\$105$aFSU01:000834412;$5FTaSU
=951  \\$110$aSFU01:000507599;$5FTS

