=LDR  01859nam a22004451  4500
=001  020255107
=005  20060721144217.0
=008  720111s1950\\\\riu\\\\\\b\\\\000|0\eng\u
=010  \\$a   50005345 
=035  \\$a(OCoLC)00193729
=040  \\$cCarP
=043  \\$an-us---
=050  0\$aPS3238$b.W55
=050  00$aPS3238$b.W55 1950
=051  \\$aPS3238$b.W55 Copy 3$cCopy 3. In dust jacket. Inscribed by the author. In blue quarter morocco slipcase.
=051  \\$aPS3238$b.W55 1950a$cAnother issue. With thesis statement and vita.
=090  \\$aPS3238$b.W5
=092  \\$a378.745$bBMs v.12
=100  1\$aWillard, Charles B.$q(Charles Borromeo),$d1911-
=245  10$aWhitman's American fame,$bthe growth of his reputation in America after 1892.
=260  \\$aProvidence,$bBrown University,$c1950.
=300  \\$a269 p.$c24 cm.
=440  \0$aBrown University Studies$vv.12$5FOFT
=490  1\$aBrown University studies, v. 12. Americana series, no. 3$5FSsNC$5FBoU$5FTS
=490  1\$aBrown University studies,$vv. 12.$aAmericana series,$vno. 3$5FTaSU
=504  \\$aIncludes bibliographical references and index.
=600  10$aWhitman, Walt,$d1819-1892.
=600  10$aWhitman, Walt,$d1819-1892$xCriticism and interpretation.
=650  \0$aCriticism$zUnited States$xHistory.
=710  2\$aCharles E. Feinberg Collection of Walt Whitman (Library of Congress)$5DLC
=810  2\$aBrown University.$tAmericana series,$vno. 3.
=810  2\$aBrown University.$tBrown University studies,$vv.12.
=830  \0$aBrown University studies.$pAmericana series,$vno. 3.
=830  \0$aBrown University studies,$vv. 12.
=951  \\$107$aCFU01:000790669;$5FOFT
=951  \\$102$aFAU01:000035658;$5FBoU
=951  \\$105$aFSU01:000730335;$5FTaSU
=951  \\$106$aNCU01:000006707;$5FSsNC
=951  \\$110$aSFU01:000047891;$5FTS
=951  \\$108$aUFU01:000691161;$5FU

