=LDR  01892nam a2200397Ia 4500
=001  020261509
=005  20140228133300.0
=008  930701s1993\\\\dcu\\\\\\\\\\f000|0\eng\d
=035  \\$a(OCoLC)28363344
=040  \\$aGPO$cGPO
=043  \\$an-us---
=074  \\$a1008-D (MF)
=074  \\$a1008-C
=086  0\$aY 1.1/8:103-126
=110  1\$aUnited States.$bCongress.$bHouse.$bCommittee on House Foreign Affairs.
=245  10$aInternational Relations Act of 1993 :$breport together with additional, dissenting, and minority views (to accompany H.R. 2333) (including cost estimate of the Congressional Budget Office).
=260  \\$a[Washington, D.C.? :$bU.S. G.P.O.,$c1993]
=300  \\$a220 p. ;$c24 cm.
=490  0\$aReport / 103d Congress, 1st session, House of Representatives ; 103-126$5FTaSU
=490  1\$aReport / 103d Congress, 1st session, House of Representatives ;$v103-126$5FMFIU$5FPeU$5FTaFA$5FU$5FTS$5FBoU
=500  \\$a"June 11, 1993."$5FMFIU$5FPeU$5FTaFA$5FTaSU$5FU$5FTS$5FBoU
=500  \\$aShipping list no.: 93-0332-P.$5FMFIU$5FTaFA$5FTaSU$5FU$5FTS$5FBoU
=500  \\$aDistributed to some depository libraries in microfiche.$5FMFIU$5FPeU$5FTaFA$5FU$5FTS$5FBoU
=500  \\$aCaption title.$5FMFIU$5FPeU$5FTaFA$5FTaSU$5FU$5FTS$5FBoU
=610  10$aUnited States.$bDepartment of State.$xAppropriations and expenditures.
=651  \0$aUnited States$xAppropriations and expenditures, 1993.
=651  \0$aUnited States$xForeign relations$xLaw and legislation.
=651  \0$aUnited States$xForeign economic relations.
=810  1\$aUnited States.$bCongress.$bHouse.$tReport ;$v103-126.
=951  \\$101$aAMU01:000336939;$5FTaFA
=951  \\$102$aFAU01:000480989;$5FBoU
=951  \\$104$aFIU01:000505779;$5FMFIU
=951  \\$105$aFSU01:001343312;$5FTaSU
=951  \\$110$aSFU01:000930065;$5FTS
=951  \\$108$aUFU01:001837876;$5FU
=951  \\$111$aWFU01:000364483;$5FPeU

