=LDR  03276cam a2200673 a 4500
=001  020269679
=005  20120109160706.0
=008  000628s1999\\\\enka\\\\\b\\\\101\0\eng\\
=010  \\$a00268902
=015  \\$aGB99-64594
=019  \\$a60209471
=020  \\$a9780198289012
=020  \\$a0198289014
=035  \\$a(OCoLC)42367385
=040  \\$aUKM$cUKM$dUV${dollar}dNGU$dUMC
=041  1\$aeng$hjpn
=042  \\$apcc
=043  \\$aa-ja---
=050  00$aHC462.8$b.G427 1999
=066  \\$c{dollar}1
=082  00$a330.952$221
=090  \\$aHC462$b.J36 1999
=130  0\$aGendai Nihon keizai shisutemu no genryū.$lEnglish
=245  14$aThe Japanese economic system and its historical origins /$cedited by Tetsuji Okazaki, Masahiro Okuno-Fujiwara ; translated by Susan Herbert.
=250  \\$aEnglish ed.
=260  \\$aOxford ;$aNew York :$bOxford University Press,$c1999.
=300  \\$ax, 294 p. :$bill. ;$c25 cm.
=440  \0$aJapan business and economics series$5FPeU$5FSsNC$5FU$5FTS$5FTaSU$5FMFIU
=490  0\$aJapan business and economics series$5FBoU
=490  1\$aJapan business and economics$5FOFT
=500  \\$aPapers initially presented at "a series of conference sessions held in spring and autumn 1992, and spring 1993"--P. x.$5FPeU$5FSsNC$5FU$5FBoU$5FTaSU$5FMFIU
=504  \\$aIncludes bibliographical references and index.
=505  0\$aJapan's present-day economic system and its historical origins / Tetsuji Okazaki and Masahiro Okuno-Fujiwara -- The financial system and its regulations / Kazuo Ueda -- The main bank system / Juro Teranishi -- Corporate governance / Tetsuji Okazaki -- 'Japanese-style' labour relations / Konosuke Odaka -- The functions of industrial associations / Seiichiro Yonekura -- The 'Japanese-model' fiscal system / Naohiko Jinno -- The food-control system and Nōkyō / Toshihiko Kawagoe -- Japan's present-day economic system : its structure and potential for reform / Masahiro Okuno-Fujiwara.$5FPeU$5FSsNC$5FU$5FBoU$5FTaSU$5FMFIU
=546  \\$aTranslated from the Japanese.
=650  \0$aFinance$zJapan$xHistory$vCongresses.
=650  \0$aIndustrial relations$zJapan$xHistory$vCongresses.
=650  \0$aIndustrial policy$zJapan$xHistory$vCongresses.
=651  \0$aJapan$xEconomic conditions$y1918-1945$vCongresses.
=651  \0$aJapan$xEconomic conditions$y1945-$vCongresses
=651  \0$aJapan$xEconomic policy$vCongresses.
=651  \0$aJapan$xEconomic conditions$y1945-
=651  \0$aJapan$xEconomic conditions$y1918-1945.
=651  \6$aJapon$xPolitique économique$vCongrès.
=651  \6$aJapon$xConditions économiques$y1945-$vCongrès.
=651  \6$aJapon$xConditions économiques$y1918-1945$vCongrès.
=700  1\$aOkuno, Masahiro,$d1947-
=700  1\$aOkazaki, Tetsuji.
=700  1\$6880-01$aOkuno, Masahiro,$d1947-
=700  1\$aOkuno-Fujiwara, Masahiro.
=830  \0$aJapan business and economics series.
=880  1\$6700-01/{dollar}1$a奥野, 正〓$d(1947-)
=951  \\$107$aCFU01:000814443;$5FOFT
=951  \\$102$aFAU01:000773486;$5FBoU
=951  \\$104$aFIU01:000844257;$5FMFIU
=951  \\$105$aFSU01:001759866;$5FTaSU
=951  \\$106$aNCU01:000223949;$5FSsNC
=951  \\$110$aSFU01:001220962;$5FTS
=951  \\$108$aUFU01:002697384;$5FU
=951  \\$111$aWFU01:000519673;$5FPeU

