=LDR  01568nam a2200385   4500
=001  020276971
=005  20060707115940.0
=008  700324r19691904nyu\\\\\\b\\\\001|0\eng\\
=010  \\$a   74093984 
=035  \\$a(OCoLC)00062584
=040  \\$aDLC$cDLC$dFUB
=050  0\$aLAW
=082  0\$a340
=090  \\$aHF1209$b.M4 1969
=090  \\$aK$b.M35
=090  \\$aK1006$b.M58
=100  1\$aMitchell, William,$dd. 1912.
=245  10$aEssay on the early history of the law merchant;$bbeing the Yorke prize essay for the year 1903.
=260  \\$aNew York,$bB. Franklin,$c1969, c1904.
=300  \\$a176 p.$c22 cm.
=490  1\$aSelected essays in history, economics, and social science, 93.$5FU
=490  1\$aBurt Franklin: Research and source works series 385$5FTS$5FTaFA$5FU
=490  1\$aSelected essays in history, economics, and social science,$v93$5FTS
=500  \\$aSelected essays in history, economics, and social science, 93.$5FTaFA
=500  \\$aReprint of the 1904 ed.$5FTS$5FTaFA$5FU
=504  \\$aBibliography: p. [169]-171.
=650  \0$aLaw merchant.
=740  0\$aYorke prize essay, 1903.
=830  \0$aBurt Franklin research & source works series,$v385.
=830  \0$aSelected essays in history, economics, & social science,$v93.
=830  \0$aBurt Franklin research & source works series ;$vno. 385.
=830  \0$aBurt Franklin research & source works series.$pSelected essays in history, economics, & social science ;$v93.
=951  \\$101$aAMU01:000188882;$5FTaFA
=951  \\$110$aSFU01:000013124;$5FTS
=951  \\$108$aUFU01:000233771;$5FU

