=LDR  01095nam a2200289   4500
=001  020283644
=005  20120622211700.0
=008  700526s1968\\\\miua\\\\\b\\\\000|0\engmc
=010  \\$a   78650234 
=035  \\$a(OCoLC)00075709
=040  \\$aMichigan Univ. Library$cDLC$dFGM
=050  0\$aGN2$b.M5 no. 33
=082  0\$a917.7
=090  \\$aE74.O3$bP7
=100  1\$aPrufer, Olaf H.
=245  10$aOhio Hopewell ceramics;$ban analysis of the extant collections,$cby Olaf H. Prufer.
=260  \\$aAnn Arbor,$bUniversity of Michigan,$c1968.
=300  \\$a156 p.$billus.$c23 cm.
=490  0\$aMichigan. University. Museum of Anthropology. Anthropological papers, no. 33$5FBoU
=490  1\$aMuseum of Anthropology, University of Michigan. Anthropological papers, no. 33$5FTS$5FTaSU
=504  \\$aBibliography: p. 154-156.
=650  \0$aHopewell culture.
=740  0\$aHopewell ceramics.
=830  \0$aAnthropological papers (University of Michigan. Museum of Anthropology),$vno. 33.
=951  \\$102$aFAU01:000012869;$5FBoU
=951  \\$105$aFSU01:000016759;$5FTaSU
=951  \\$110$aSFU01:000015772;$5FTS

