=LDR  02388cam a22003131i 4500
=001  020290545
=005  20100624170426.0
=006  m\\\\\\\\d
=007  cr\cn\||||||||
=008  070221s1912\\\\dcu\\\\\\s\\\f000\0\eng\d
=035  \\$a(Readex)NB00000176423
=035  \\$a(Readex)117770D9792881E0
=040  \\$aReadex$cReadex
=110  1\$aUnited States.$bCongress.$bHouse.
=245  10$aIncidental expenses, office of ex officio Secretary of District of Alaska. Letter from the Acting Secretary of the Treasury, transmitting copy of a communication from the Acting Secretary of the Interior submitting estimate of appropriation for incidental expenses in office of ex officio Secretary of the District of Alaska... March 5, 1912. -- Referred to the Committee on Appropriations and ordered to be printed.$h[electronic resource]
=260  \\$aWashington, DC,$c1912.
=300  \\$a2 p.
=440  \0$aUnited States congressional serial set;$vserial set no. 6326$5FTaFA
=490  1\$aHouse document / 62nd Congress, 2nd session. House ;$vno. 593$5FTaFA
=490  0\$aLaw Library Microform Consortium - Digital$5FTaFA
=533  \\$aElectronic reproduction.$bChester, Vt.:$cNewsBank, inc.,$d2007.$nAvailable via the World Wide Web.$nAccess restricted to Readex U.S. Congressional Serial Set subscribers.$5FTaFA
=540  \\$aCopyright 2007 by NewsBank, Inc. All rights reserved.$5FTaFA
=500  \\$aAccess restricted to college of law students, faculty and staff.$5FTaFA
=710  1\$aUnited States.$bDepartment of the Interior
=710  1\$aUnited States.$bDept. of the Treasury.
=830  \0$aHouse document (United States. Congress. House) ;$v62nd Congress, no. 593.
=856  40$uhttp://docs.newsbank.com/select/serialset/11931BE667E0C938.html$5FTaFA
=992  \\$aNOTICE TO MARC RECORDS USERS: Copyright 2007 - 2010 NewsBank, inc. All rights reserved. Any use of these MARC records other than for the viewing of a single record at a time by an end user for educational, non-commercial purposes is prohibited without NewsBank's express written permission. The removal or altering of any copyright or other notices within these MARC records or using any portion of these MARC records for purposes of manual, automated or other machine-assisted indexing or classification of other publications is prohibited and may result in civil or criminal penalty.
=951  \\$101$aAMU01:001014477;$5FTaFA

