=LDR  01449nam a2200301   4500
=001  020296069
=005  20060705132101.0
=008  700709r19701914nyu\\\\\\b\\\\001|0\eng\\
=010  \\$a70118175  
=035  \\$a(OCoLC)00083686
=040  \\$aDLC$cDLC$dm.c.$dFWA
=043  \\$an-us---$an-mx---
=050  0\$aZ1241$b.H21 1970
=082  0\$a016.9736/2
=092  \\$a016.97362$bH138w
=100  1\$aHaferkorn, Henry Ernest,$d1859-1933.
=245  14$aThe war with Mexico, 1846-1848;$ba select bibliography on the causes, conduct, and the political aspect of the war, together with a select list of books and other printed material on the resources, economic conditions, politics, and government of the Republic of Mexico and the characteristics of the Mexican people, with annotations and an index. Published for, and dedicated to, the officers of the United States Army and Navy.
=260  \\$aNew York,$bB. Franklin$c[1970]
=300  \\$a93 p.$c23 cm.
=440  \0$aBurt Franklin bibliography & reference series,$v323$5FU
=490  0\$aBurt Franklin bibliography & reference series, 323$5FPeU
=490  0\$aAmerican classics in history & social science, 114.$5FPeU$5FU
=500  \\$aReprint of the 1914 ed.$5FPeU$5FU
=650  \0$aMexican War, 1846-1848$xBibliography.
=651  \0$aMexico$xBibliography.
=830  \0$aAmerican classics in history and social science ;$v#114.
=951  \\$108$aUFU01:000019623;$5FU
=951  \\$111$aWFU01:000015011;$5FPeU

