=LDR  01581nam a2200433I  4500
=001  020304079
=005  20090630135854.0
=008  720211s1960\\\\nyu\\\\\\b\\\\000|0\eng\\
=010  \\$a   60002852 
=035  \9$a(OCoLC)00239396
=040  \\$aWright St Univ Lib
=050  0\$aBF173$b.R362
=082  0\$a131.341
=090  \\$aBF1$b.P723 no.6
=090  \\$aBF173$b.R362
=100  1\$aRapaport, David.
=245  14$aThe structure of psychoanalytic theory.
=260  \\$bInternational Universities Press,$cc1960.
=300  \\$a158 p.
=440  \0$aPsychological issues, v.2, no.2. Monograph$v00006$5FBoU
=440  \0$aPsychological issues,$vv. 2, no. 2. Monograph 6$5FU$5FFmFGC
=440  \0$aPsychological issues,$vno. 6$5FTS
=490  0\$aPsychological issues, v. 2, no. 2. Monograph 6$5FSsNC
=490  0\$aPsychological issues, v. 2, no. 2. Monograph$v6$5FTaSU
=490  1\$aPsychological issues ;$vv. 2, no. 2, Monograph 6$5FOFT$5FMFIU
=490  1\$aPsychological issues, v. 2, no. 2. Monograph$v00006$5FJUNF
=504  \\$aIncludes bibliography.
=650  \0$aPsychoanalysis
=830  \0$aPsychological issues (Series) ;$vmonograph 6.
=830  \0$aPsychological issues (Series) ;$vmon. 6.
=951  \\$107$aCFU01:000031267;$5FOFT
=951  \\$102$aFAU01:000042929;$5FBoU
=951  \\$104$aFIU01:000040760;$5FMFIU
=951  \\$105$aFSU01:001037228;$5FTaSU
=951  \\$103$aGCU01:000027375;$5FFmFGC
=951  \\$106$aNCU01:000008485;$5FSsNC
=951  \\$109$aNFU01:000036720;$5FJUNF
=951  \\$110$aSFU01:000058469;$5FTS
=951  \\$108$aUFU01:000029234;$5FU

