=LDR  02562cam a22003491i 4500
=001  020306669
=005  20100624171753.0
=006  m\\\\\\\\d
=007  cr\cn\||||||||
=008  070221s1912\\\\dcu\\\\\\s\\\f000\0\eng\d
=035  \\$a(Readex)NB00000177244
=035  \\$a(Readex)1175C6F7755CE768
=040  \\$aReadex$cReadex
=110  1\$aUnited States.$bCongress.$bHouse.
=245  10$aPassaic River, Above Montclair and Greenwood Lake railroad bridge, N.J. Letter from the Secretary of War, transmitting, with a letter from the Chief of Engineers, report on examination and survey of Passaic River, N.J., with a view to extending continuous navigation from the Montclair and Greenwood Lake railroad bridge to the City of Paterson. April 30, 1912. -- Referred to the Committee on Rivers and Harbors and ordered to be printed.$h[electronic resource]
=260  \\$aWashington, DC,$c1912.
=300  \\$a14 p. :$btables.
=440  \0$aUnited States congressional serial set;$vserial set no. 6209$5FTaFA
=490  1\$aHouse document / 62nd Congress, 2nd session. House ;$vno. 722$5FTaFA
=490  0\$aLaw Library Microform Consortium - Digital$5FTaFA
=533  \\$aElectronic reproduction.$bChester, Vt.:$cNewsBank, inc.,$d2007.$nAvailable via the World Wide Web.$nAccess restricted to Readex U.S. Congressional Serial Set subscribers.$5FTaFA
=540  \\$aCopyright 2007 by NewsBank, Inc. All rights reserved.$5FTaFA
=500  \\$aAccess restricted to college of law students, faculty and staff.$5FTaFA
=700  1\$aLockwood, Daniel Wright.
=700  1\$aRossell, W.T.,$q(William Trent)
=710  1\$aUnited States.$bArmy.$bCorps of Engineers.
=710  1\$aUnited States.$bWar Department
=710  1\$aUnited States.$bWar Dept.$bEngineer Dept.
=830  \0$aHouse document (United States. Congress. House) ;$v62nd Congress, no. 722.
=856  40$uhttp://docs.newsbank.com/select/serialset/118773BA6CB2DB18.html$5FTaFA
=992  \\$aNOTICE TO MARC RECORDS USERS: Copyright 2007 - 2010 NewsBank, inc. All rights reserved. Any use of these MARC records other than for the viewing of a single record at a time by an end user for educational, non-commercial purposes is prohibited without NewsBank's express written permission. The removal or altering of any copyright or other notices within these MARC records or using any portion of these MARC records for purposes of manual, automated or other machine-assisted indexing or classification of other publications is prohibited and may result in civil or criminal penalty.
=951  \\$101$aAMU01:001015299;$5FTaFA

