=LDR  02200cam a22003011i 4500
=001  020309424
=005  20100624172014.0
=006  m\\\\\\\\d
=007  cr\cn\||||||||
=008  070221s1912\\\\dcu\\\\\\s\\\f000\0\eng\d
=035  \\$a(Readex)NB00000177373
=035  \\$a(Readex)117FF4564D89AAF0
=040  \\$aReadex$cReadex
=110  1\$aUnited States.$bCongress.$bHouse.$bCommittee on Invalid Pensions.$g(1831-1946)
=245  10$aPensions and increase of pensions to certain soldiers and sailors of the Civil War and certain widows and dependent children of such soldiers and sailors. May 9, 1912. -- Committed to the Committee of the Whole House and ordered to be printed.$h[electronic resource]
=260  \\$aWashington, DC,$c1912.
=300  \\$a1 p.
=440  \0$aUnited States congressional serial set;$vserial set no. 6136$5FTaFA
=490  1\$aHouse report / 62nd Congress, 2nd session. House ;$vno. 675$5FTaFA
=490  0\$aLaw Library Microform Consortium - Digital$5FTaFA
=533  \\$aElectronic reproduction.$bChester, Vt.:$cNewsBank, inc.,$d2007.$nAvailable via the World Wide Web.$nAccess restricted to Readex U.S. Congressional Serial Set subscribers.$5FTaFA
=540  \\$aCopyright 2007 by NewsBank, Inc. All rights reserved.$5FTaFA
=500  \\$aAccess restricted to college of law students, faculty and staff.$5FTaFA
=700  1\$aSherwood, Isaac R.,$d1835-1925.$uDemocrat (OH)
=810  1\$aUnited States.$bCongress.$bHouse.$tReport ;$v62nd Congress, no. 675
=856  40$uhttp://docs.newsbank.com/select/serialset/118773F8EA4D25B8.html$5FTaFA
=992  \\$aNOTICE TO MARC RECORDS USERS: Copyright 2007 - 2010 NewsBank, inc. All rights reserved. Any use of these MARC records other than for the viewing of a single record at a time by an end user for educational, non-commercial purposes is prohibited without NewsBank's express written permission. The removal or altering of any copyright or other notices within these MARC records or using any portion of these MARC records for purposes of manual, automated or other machine-assisted indexing or classification of other publications is prohibited and may result in civil or criminal penalty.
=951  \\$101$aAMU01:001015438;$5FTaFA

