=LDR  02118cam a22003131i 4500
=001  020312150
=005  20100624172226.0
=006  m\\\\\\\\d
=007  cr\cn\||||||||
=008  070221s1912\\\\dcu\\\\\\s\\\f000\0\eng\d
=035  \\$a(Readex)NB00000177521
=035  \\$a(Readex)117FF559D8EEB0C0
=040  \\$aReadex$cReadex
=110  1\$aUnited States.$bCongress.$bJoint Committee on Printing.
=245  10$aPrinting of 16,000 copies of hearing on woman suffrage. May 18, 1912. -- Ordered to be printed.$h[electronic resource]
=260  \\$aWashington, DC,$c1912.
=300  \\$a1 p.
=440  \0$aUnited States congressional serial set;$vserial set no. 6136$5FTaFA
=490  1\$aHouse report / 62nd Congress, 2nd session. House ;$vno. 740$5FTaFA
=490  0\$aLaw Library Microform Consortium - Digital$5FTaFA
=533  \\$aElectronic reproduction.$bChester, Vt.:$cNewsBank, inc.,$d2007.$nAvailable via the World Wide Web.$nAccess restricted to Readex U.S. Congressional Serial Set subscribers.$5FTaFA
=540  \\$aCopyright 2007 by NewsBank, Inc. All rights reserved.$5FTaFA
=500  \\$aAccess restricted to college of law students, faculty and staff.$5FTaFA
=700  1\$aFinley, David Edward,$d1861-1917.$uDemocrat (SC)
=710  1\$aUnited States.$bCongress.$bHouse.$bCommittee on Printing.$g(1876-1946)
=810  1\$aUnited States.$bCongress.$bHouse.$tReport ;$v62nd Congress, no. 740
=856  40$uhttp://docs.newsbank.com/select/serialset/11877438A2987DB8.html$5FTaFA
=992  \\$aNOTICE TO MARC RECORDS USERS: Copyright 2007 - 2010 NewsBank, inc. All rights reserved. Any use of these MARC records other than for the viewing of a single record at a time by an end user for educational, non-commercial purposes is prohibited without NewsBank's express written permission. The removal or altering of any copyright or other notices within these MARC records or using any portion of these MARC records for purposes of manual, automated or other machine-assisted indexing or classification of other publications is prohibited and may result in civil or criminal penalty.
=951  \\$101$aAMU01:001015580;$5FTaFA

