=LDR  01303pam a2200361 a 4500
=001  020315118
=005  20120623073800.0
=008  840622s1985\\\\nyu\\\\\\b\\\\001|0\eng\\
=010  \\$a   84013891 
=035  \\$a(OCoLC)10948381
=040  \\$aDLC$cDLC$dFUG
=050  0\$aQC174.8$b.E45 1985
=050  0\$aQC174.8$b.E45
=082  0\$a530.1/3$219
=090  \\$aQA1$b.G78 Bd.271
=100  1\$aEllis, Richard S.$q(Richard Steven),$d1947-
=245  10$aEntropy, large deviations, and statistical mechanics /$cRichard S. Ellis.
=260  \\$aNew York, N.Y. :$bSpringer-Verlag,$cc1985.
=300  \\$axiv, 364 p. ;$c25 cm.
=440  \0$aGrundlehren der mathematischen Wissenschaften ;$v271$5FU$5FSsNC$5FPeU$5FTS
=490  0\$aGrundlehren der mathematischen Wissenschaften ;$v271$5FTaSU
=490  0\$aGrundlehren der mathematischen Wissenschaften ; 271$5FBoU
=500  \\$aIncludes indexes.$5FU$5FTaSU$5FSsNC$5FPeU$5FBoU$5FTS
=504  \\$aBibliography: p. [338]-351.
=650  \0$aStatistical mechanics.
=650  \0$aEntropy.
=650  \0$aLarge deviations.
=951  \\$102$aFAU01:000241785;$5FBoU
=951  \\$105$aFSU01:000530668;$5FTaSU
=951  \\$106$aNCU01:000063096;$5FSsNC
=951  \\$110$aSFU01:000465506;$5FTS
=951  \\$108$aUFU01:000506524;$5FU
=951  \\$111$aWFU01:000215609;$5FPeU

