=LDR  01178cam a2200313   4500
=001  020320257
=005  20060316112524.0
=008  700729m19699999enka\\\\\b\\\\000|0\engm\
=010  \\$a   73481937 //r74
=015  \\$aB***
=020  \\$a0900480106 (v. 1)
=035  \\$a(OCoLC)00087887
=040  \\$aDLC$cDLC$dm.c.$dFDA
=050  0\$aGB406$b.P5
=082  0\$a551.4
=100  1\$aPitty, Alistair F.
=245  12$aA scheme for hillslope analysis /$c[by] A. F. Pitty.
=260  \\$a[Hull] :$bUniversity of Hull Publications,$c1969-.
=300  \\$av. :$billus. ;$c22 cm.
=490  1\$aOccasional papers in geography, no. 9, 17$5FBoU
=490  1\$aOccasional papers in geography,$vno. 9$5FTaSU
=490  1\$aOccasional papers in geography,$vno.17$5FTaSU
=504  \\$aBibliography: v. 1, p. 71-76.
=505  1\$a1. Initial considerations and calculations.--2. Indices and tests for differences.$5FBoU$5FTaSU
=650  \0$aSlopes (Physical geography)
=810  1\$aUniversity of Hull.$tOccasional papers in geography,$vno. 9, etc.
=830  \0$aOccasional papers in geography (Hull, England) ;$vno. 9.
=951  \\$102$aFAU01:000014623;$5FBoU
=951  \\$105$aFSU01:000019372;$5FTaSU

