=LDR  02061cam a22003011i 4500
=001  020322787
=005  20100624173123.0
=006  m\\\\\\\\d
=007  cr\cn\||||||||
=008  070221s1912\\\\dcu\\\\\\s\\\f000\0\eng\d
=035  \\$a(Readex)NB00000178070
=035  \\$a(Readex)117FFA1640033C20
=040  \\$aReadex$cReadex
=110  1\$aUnited States.$bCongress.$bHouse.$bCommittee on Claims.$g(1794-1946)
=245  10$aHenry A.V. Post. June 20, 1912. -- Committed to the Committee of the Whole House and ordered to be printed.$h[electronic resource]
=260  \\$aWashington, DC,$c1912.
=300  \\$a1 p.
=440  \0$aUnited States congressional serial set;$vserial set no. 6137$5FTaFA
=490  1\$aHouse report / 62nd Congress, 2nd session. House ;$vno. 916$5FTaFA
=490  0\$aLaw Library Microform Consortium - Digital$5FTaFA
=533  \\$aElectronic reproduction.$bChester, Vt.:$cNewsBank, inc.,$d2007.$nAvailable via the World Wide Web.$nAccess restricted to Readex U.S. Congressional Serial Set subscribers.$5FTaFA
=540  \\$aCopyright 2007 by NewsBank, Inc. All rights reserved.$5FTaFA
=500  \\$aAccess restricted to college of law students, faculty and staff.$5FTaFA
=700  1\$aDickinson, Clement Cabell,$d1849-1938.$uDemocrat (MO)
=810  1\$aUnited States.$bCongress.$bHouse.$tReport ;$v62nd Congress, no. 916
=856  40$uhttp://docs.newsbank.com/select/serialset/1187754C54648520.html$5FTaFA
=992  \\$aNOTICE TO MARC RECORDS USERS: Copyright 2007 - 2010 NewsBank, inc. All rights reserved. Any use of these MARC records other than for the viewing of a single record at a time by an end user for educational, non-commercial purposes is prohibited without NewsBank's express written permission. The removal or altering of any copyright or other notices within these MARC records or using any portion of these MARC records for purposes of manual, automated or other machine-assisted indexing or classification of other publications is prohibited and may result in civil or criminal penalty.
=951  \\$101$aAMU01:001016131;$5FTaFA

