=LDR  01504cam a2200325Ia 4500
=001  020327830
=005  20120623075600.0
=008  930920s1992\\\\deu\\\\\\b\\\\000|0\eng\d
=020  \\$a0936388536
=035  \\$a(OCoLC)28857884
=040  \\$aPJC$cPIT$dBOS$dFUG
=090  \\$aPQ6081$b.R58 1992
=100  1\$aRivers, Elias L.
=245  10$aMuses and masks :$bsome classical genres of Spanish poetry /$cby Elias L. Rivers.
=260  \\$aNewark, Del. :$bJuan de la Cuesta,$cc1992.
=300  \\$a120 p. ;$c24 cm.
=440  \0$aJuan de la Cuesta Hispanic monographs.$pSeries University of California, Irvine, Hispanic studies ;$vno. 1$5FU$5FOFT
=490  0\$aJuan de la Cuesta Hispanic monographs$5FTaSU
=490  1\$aJuan de la Cuesta Hispanic monographs.$aSeries University of California, Irvine, Hispanic studies ;$vno. 1$5FMFIU
=490  1\$aJuan de la Cuesta Hispanic monographs. Series University of California, Irvine, Hispanic studies;$vno. 1$5FTaSU$5FBoU
=504  \\$aIncludes bibliographical references (p. 115-120).
=650  \0$aSpanish poetry$yClassical period, 1500-1700$xHistory and criticism.
=830  \0$aJuan de la Cuesta Hispanic monographs.
=830  \0$aUniversity of California, Irvine, Hispanic studies ;$vno. 1.
=830  \0$aUniversity of California, Irvine, Hispanic studies.
=951  \\$107$aCFU01:000953412;$5FOFT
=951  \\$102$aFAU01:000593505;$5FBoU
=951  \\$104$aFIU01:000508787;$5FMFIU
=951  \\$105$aFSU01:001563314;$5FTaSU
=951  \\$108$aUFU01:002006799;$5FU

