=LDR  02388cam a22003131i 4500
=001  020330301
=005  20100624173754.0
=006  m\\\\\\\\d
=007  cr\cn\||||||||
=008  070221s1912\\\\dcu\\\\\\s\\\f000\0\eng\d
=035  \\$a(Readex)NB00000178450
=035  \\$a(Readex)11777E36E5649608
=040  \\$aReadex$cReadex
=110  1\$aUnited States.$bCongress.$bHouse.
=245  10$aReceipts and expenditures under fortifications appropriation bill of August 1, 1904. Letter from the Assistant Secretary of War, transmitting a letter from the Quartermaster General of the Army submitting a detailed report... as provided for in the fortifications appropriation bill... August 2, 1912. -- Referred to the Committee on Expenditures in the War Department and ordered to be printed.$h[electronic resource]
=260  \\$aWashington, DC,$c1912.
=300  \\$a4 p. :$btables.
=440  \0$aUnited States congressional serial set;$vserial set no. 6326$5FTaFA
=490  1\$aHouse document / 62nd Congress, 2nd session. House ;$vno. 895$5FTaFA
=490  0\$aLaw Library Microform Consortium - Digital$5FTaFA
=533  \\$aElectronic reproduction.$bChester, Vt.:$cNewsBank, inc.,$d2007.$nAvailable via the World Wide Web.$nAccess restricted to Readex U.S. Congressional Serial Set subscribers.$5FTaFA
=540  \\$aCopyright 2007 by NewsBank, Inc. All rights reserved.$5FTaFA
=500  \\$aAccess restricted to college of law students, faculty and staff.$5FTaFA
=710  1\$aUnited States.$bWar Department
=710  1\$aUnited States.$bWar Dept.$bQuartermaster's Dept. (1812-1912)
=830  \0$aHouse document (United States. Congress. House) ;$v62nd Congress, no. 895.
=856  40$uhttp://docs.newsbank.com/select/serialset/11931C49EA19C178.html$5FTaFA
=992  \\$aNOTICE TO MARC RECORDS USERS: Copyright 2007 - 2010 NewsBank, inc. All rights reserved. Any use of these MARC records other than for the viewing of a single record at a time by an end user for educational, non-commercial purposes is prohibited without NewsBank's express written permission. The removal or altering of any copyright or other notices within these MARC records or using any portion of these MARC records for purposes of manual, automated or other machine-assisted indexing or classification of other publications is prohibited and may result in civil or criminal penalty.
=951  \\$101$aAMU01:001016513;$5FTaFA

