=LDR  01546cam a2200433I  4500
=001  020335772
=005  20100806123707.0
=008  720313c19651964nju\\\\\\b\\\\000|0\eng\\
=010  \\$a   64023569 
=019  \\$a6780846
=035  \9$a(OCoLC)00261684
=040  \\$aDLC$cWSU$dOCL$dSER$dm.c.$dOCL$dFXN
=043  \\$an-us---
=050  0\$aHT334.U5$bC5 1965
=082  0\$a301.36
=090  \\$aHT334.U5$bC5 1965
=092  \\$a301.36$bC539c
=100  1\$aChinitz, Benjamin,$eed.
=245  10$aCity and suburb;$bthe economics of metropolitan growth.$cEdited by Benjamin Chinitz.
=260  \\$aEnglewood Cliffs, N.J.,$bPrentice-Hall$c[1965, c1964]
=300  \\$aviii, 181 p.$c21 cm.
=440  \0$aModern economic issues$5FOFT$5FPeU$5FMFIU$5FTS$5FTaSU
=490  0\$aA Spectrum book$5FSsNC$5FTaFA$5FPeU$5FBoU$5FU$5FTaSU
=490  0\$aModern economic issues$5FSsNC$5FTaFA$5FBoU$5FU
=500  \\$aA Spectrum book$5FJUNF$5FMFIU$5FTS
=504  \\$aBibliography: p. 179-181. Includes bibliographical references.
=650  \0$aMetropolitan areas$zUnited States.
=650  \0$aUrban economics.
=830  \0$aModern economic issues
=951  \\$101$aAMU01:000034252;$5FTaFA
=951  \\$107$aCFU01:000034677;$5FOFT
=951  \\$102$aFAU01:000047297;$5FBoU
=951  \\$104$aFIU01:000044795;$5FMFIU
=951  \\$105$aFSU01:000631613;$5FTaSU
=951  \\$106$aNCU01:000009628;$5FSsNC
=951  \\$109$aNFU01:000040641;$5FJUNF
=951  \\$110$aSFU01:000064649;$5FTS
=951  \\$108$aUFU01:000030560;$5FU
=951  \\$111$aWFU01:000041457;$5FPeU

