=LDR  02277cam a22003251i 4500
=001  020338486
=005  20100624174544.0
=006  m\\\\\\\\d
=007  cr\cn\||||||||
=008  070221s1912\\\\dcu\\\\\\s\\\f000\0\eng\d
=035  \\$a(Readex)NB00000178863
=035  \\$a(Readex)11790885F4081950
=040  \\$aReadex$cReadex
=110  1\$aUnited States.$bCongress.$bHouse.
=245  10$aSergius Narrows, Alaska. Letter from the Secretary of War, transmitting, with a letter from the Acting Chief of Engineers, report on examination of Sergius Narrows, Alaska. December 6, 1912. -- Referred to the Committee on Rivers and Harbors and ordered to be printed.$h[electronic resource]
=260  \\$aWashington, DC,$c1912.
=300  \\$a5 p. :$btables.
=440  \0$aUnited States congressional serial set;$vserial set no. 6392$5FTaFA
=490  1\$aHouse document / 62nd Congress, 3rd session. House ;$vno. 1053$5FTaFA
=490  0\$aLaw Library Microform Consortium - Digital$5FTaFA
=533  \\$aElectronic reproduction.$bChester, Vt.:$cNewsBank, inc.,$d2007.$nAvailable via the World Wide Web.$nAccess restricted to Readex U.S. Congressional Serial Set subscribers.$5FTaFA
=540  \\$aCopyright 2007 by NewsBank, Inc. All rights reserved.$5FTaFA
=500  \\$aAccess restricted to college of law students, faculty and staff.$5FTaFA
=700  1\$aKutz, Charles W.
=710  1\$aUnited States.$bWar Department
=710  1\$aUnited States.$bWar Dept.$bEngineer Dept.
=830  \0$aHouse document (United States. Congress. House) ;$v62nd Congress, no. 1053.
=856  40$uhttp://docs.newsbank.com/select/serialset/11931D89CE178370.html$5FTaFA
=992  \\$aNOTICE TO MARC RECORDS USERS: Copyright 2007 - 2010 NewsBank, inc. All rights reserved. Any use of these MARC records other than for the viewing of a single record at a time by an end user for educational, non-commercial purposes is prohibited without NewsBank's express written permission. The removal or altering of any copyright or other notices within these MARC records or using any portion of these MARC records for purposes of manual, automated or other machine-assisted indexing or classification of other publications is prohibited and may result in civil or criminal penalty.
=951  \\$101$aAMU01:001016934;$5FTaFA

