=LDR  02440cam a22003251i 4500
=001  020341045
=005  20100624174747.0
=006  m\\\\\\\\d
=007  cr\cn\||||||||
=008  070221s1912\\\\dcu\\\\\\s\\\f000\0\eng\d
=035  \\$a(Readex)NB00000179004
=035  \\$a(Readex)117B554BC7438328
=040  \\$aReadex$cReadex
=110  1\$aUnited States.$bCongress.$bHouse.
=245  10$aWater supply of the District of Columbia. Letter from the Secretary of War, transmitting a letter from the Acting Chief of Engineers submitting a partial report on the water supply for the District of Columbia, in accordance with investigation directed by the District of Columbia appropriation bill approved June 26, 1912. December 14, 1912. -- Referred to the Committee on Appropriations and ordered to be printed.$h[electronic resource]
=260  \\$aWashington, DC,$c1912.
=300  \\$a3 p.
=440  \0$aUnited States congressional serial set;$vserial set no. 6503$5FTaFA
=490  1\$aHouse document / 62nd Congress, 3rd session. House ;$vno. 1171$5FTaFA
=490  0\$aLaw Library Microform Consortium - Digital$5FTaFA
=533  \\$aElectronic reproduction.$bChester, Vt.:$cNewsBank, inc.,$d2007.$nAvailable via the World Wide Web.$nAccess restricted to Readex U.S. Congressional Serial Set subscribers.$5FTaFA
=540  \\$aCopyright 2007 by NewsBank, Inc. All rights reserved.$5FTaFA
=500  \\$aAccess restricted to college of law students, faculty and staff.$5FTaFA
=710  1\$aUnited States.$bArmy.$bCorps of Engineers.
=710  1\$aUnited States.$bWar Department
=710  1\$aUnited States.$bWar Dept.$bEngineer Dept.
=830  \0$aHouse document (United States. Congress. House) ;$v62nd Congress, no. 1171.
=856  40$uhttp://docs.newsbank.com/select/serialset/11931DBA6DD53720.html$5FTaFA
=992  \\$aNOTICE TO MARC RECORDS USERS: Copyright 2007 - 2010 NewsBank, inc. All rights reserved. Any use of these MARC records other than for the viewing of a single record at a time by an end user for educational, non-commercial purposes is prohibited without NewsBank's express written permission. The removal or altering of any copyright or other notices within these MARC records or using any portion of these MARC records for purposes of manual, automated or other machine-assisted indexing or classification of other publications is prohibited and may result in civil or criminal penalty.
=951  \\$101$aAMU01:001017062;$5FTaFA

