=LDR  01162nam a2200313   4500
=001  020343852
=005  20120622213000.0
=008  700916s1970\\\\ne\\\\\\\b\\\\000|0\eng\\
=010  \\$a   70503436 
=015  \\$aNe70-9
=035  \\$a(OCoLC)00097479
=040  \\$aDLC$cDLC$dFWA
=043  \\$an-us---$ae-hu---
=050  0\$aE184.H95$bW4
=082  0\$a301.29/439/1073
=090  \\$aJV6014$b.R4 no.15
=100  1\$aWeinstock, S. Alexander,$d1931-
=245  10$aAcculturation and occupation:$ba study of the 1956 Hungarian refugees in the United States.$c[By] S. Alexander Weinstock.
=260  \\$aThe Hague,$bNijhoff,$c1969 [1970]
=300  \\$ax, 127 p.$c24 cm.
=490  0\$aPublications of the Research Group for European Migration Problems,$v15$5FTaSU
=490  1\$aPublications of the Research Group for European Migration Problems, 15$5FPeU
=504  \\$aBibliography: p. 107-110.
=650  \0$aHungarians$zUnited States.
=650  \0$aAcculturation.
=650  \0$aAcculturation$zUnited States.
=810  2\$aResearch Group for European Migration Problems.$tPublications,$v15
=951  \\$105$aFSU01:000022459;$5FTaSU
=951  \\$111$aWFU01:000017479;$5FPeU

