=LDR  02117cam a22003011i 4500
=001  020349460
=005  20100624175446.0
=006  m\\\\\\\\d
=007  cr\cn\||||||||
=008  070221s1913\\\\dcu\\\\\\s\\\f000\0\eng\d
=035  \\$a(Readex)NB00000179432
=035  \\$a(Readex)1178BECC8C627C88
=040  \\$aReadex$cReadex
=110  1\$aUnited States.$bCongress.$bHouse.$bCommittee on Interstate and Foreign Commerce.$g(1892- 1981)
=245  10$aBridge across Mississippi River at Minneapolis, Minn. January 21, 1913. -- Referred to the House Calendar and ordered to be printed.$h[electronic resource]
=260  \\$aWashington, DC,$c1913.
=300  \\$a2 p.
=440  \0$aUnited States congressional serial set;$vserial set no. 6334$5FTaFA
=490  1\$aHouse report / 62nd Congress, 3rd session. House ;$vno. 1362$5FTaFA
=490  0\$aLaw Library Microform Consortium - Digital$5FTaFA
=533  \\$aElectronic reproduction.$bChester, Vt.:$cNewsBank, inc.,$d2007.$nAvailable via the World Wide Web.$nAccess restricted to Readex U.S. Congressional Serial Set subscribers.$5FTaFA
=540  \\$aCopyright 2007 by NewsBank, Inc. All rights reserved.$5FTaFA
=500  \\$aAccess restricted to college of law students, faculty and staff.$5FTaFA
=700  1\$aStevens, Frederick Clement,$d1861-1923.$uRepublican (MN)
=810  1\$aUnited States.$bCongress.$bHouse.$tReport ;$v62nd Congress, no. 1362
=856  40$uhttp://docs.newsbank.com/select/serialset/11932089892D7108.html$5FTaFA
=992  \\$aNOTICE TO MARC RECORDS USERS: Copyright 2007 - 2010 NewsBank, inc. All rights reserved. Any use of these MARC records other than for the viewing of a single record at a time by an end user for educational, non-commercial purposes is prohibited without NewsBank's express written permission. The removal or altering of any copyright or other notices within these MARC records or using any portion of these MARC records for purposes of manual, automated or other machine-assisted indexing or classification of other publications is prohibited and may result in civil or criminal penalty.
=951  \\$101$aAMU01:001017493;$5FTaFA

