=LDR  02097cam a22003011i 4500
=001  020351966
=005  20100624175705.0
=006  m\\\\\\\\d
=007  cr\cn\||||||||
=008  070221s1913\\\\dcu\\\\\\s\\\f000\0\eng\d
=035  \\$a(Readex)NB00000179560
=035  \\$a(Readex)1178C0CBC3DC1D08
=040  \\$aReadex$cReadex
=110  1\$aUnited States.$bCongress.$bHouse.$bCommittee on Public Lands$g(1805-1951)
=245  10$aYosemite National Park. January 29, 1913. -- Committed to the Committee of the Whole House on the State of the Union and ordered to be printed.$h[electronic resource]
=260  \\$aWashington, DC,$c1913.
=300  \\$a3 p.
=440  \0$aUnited States congressional serial set;$vserial set no. 6334$5FTaFA
=490  1\$aHouse report / 62nd Congress, 3rd session. House ;$vno. 1411$5FTaFA
=490  0\$aLaw Library Microform Consortium - Digital$5FTaFA
=533  \\$aElectronic reproduction.$bChester, Vt.:$cNewsBank, inc.,$d2007.$nAvailable via the World Wide Web.$nAccess restricted to Readex U.S. Congressional Serial Set subscribers.$5FTaFA
=540  \\$aCopyright 2007 by NewsBank, Inc. All rights reserved.$5FTaFA
=500  \\$aAccess restricted to college of law students, faculty and staff.$5FTaFA
=700  1\$aRaker, John Edward,$d1863-1926.$uDemocrat (CA)
=810  1\$aUnited States.$bCongress.$bHouse.$tReport ;$v62nd Congress, no. 1411
=856  40$uhttp://docs.newsbank.com/select/serialset/119320DF448011B0.html$5FTaFA
=992  \\$aNOTICE TO MARC RECORDS USERS: Copyright 2007 - 2010 NewsBank, inc. All rights reserved. Any use of these MARC records other than for the viewing of a single record at a time by an end user for educational, non-commercial purposes is prohibited without NewsBank's express written permission. The removal or altering of any copyright or other notices within these MARC records or using any portion of these MARC records for purposes of manual, automated or other machine-assisted indexing or classification of other publications is prohibited and may result in civil or criminal penalty.
=951  \\$101$aAMU01:001017620;$5FTaFA

