=LDR  01169cam a2200325   4500
=001  020354410
=005  20061113105712.0
=008  740529r1974\\\\nyu\\\\\\b\\\\001|0\eng\\
=010  \\$a   74010690 //r883
=020  \\$a0387900888
=035  \\$a(OCoLC)00947952
=040  \\$aDLC$cDLC
=050  0\$aQA312$b.H26 1974
=082  0\$a515/.42
=090  \\$aQA312$b.H26
=100  1\$aHalmos, Paul R.$q(Paul Richard),$d1916-2006.
=245  00$aMeasure theory$c[by] Paul R. Halmos.
=260  \\$aNew York,$bSpringer-Verlag$c[1974, c1950]
=300  \\$axi, 304 p.$c25 cm.
=440  \0$aGraduate texts in mathematics,$v18$5FTS$5FMFIU
=490  0\$aGraduate texts in mathematics, 18$5FBoU
=490  1\$aGraduate texts in mathematics,$v18$5FSsNC
=500  \\$aReprint of the ed. published by Van Nostrand, New York, in series: The University series in higher mathematics.$5FTS$5FSsNC$5FMFIU$5FBoU
=504  \\$aBibliography: p. 293-296.
=650  \0$aMeasure theory.
=830  \0$aGraduate texts in mathematics,$v18
=951  \\$102$aFAU01:000120533;$5FBoU
=951  \\$104$aFIU01:000102624;$5FMFIU
=951  \\$106$aNCU01:000076925;$5FSsNC
=951  \\$110$aSFU01:000511402;$5FTS

