=LDR  01435cam a2200421I  4500
=001  020357111
=005  20120623050300.0
=008  720403s1965\\\\ctu\\\\\\b\\\\000|1\eng\d
=010  \\$a   65025629 
=020  \\$a0808402331
=035  \\$a(OCoLC)00274518
=040  \\$cWSU$dOCL$dFHC
=050  0\$aPZ3.K635$bN1O
=090  \\$aPZ3.K635$bN10
=090  \\$aPS2191$b.K635 1965
=090  \\$aPS2191$b.N48 1965
=092  \\$a813.3$bK592n 1965
=100  1\$aKirkland, Caroline M.$q(Caroline Matilda),$d1801-1864.
=245  12$aA new home - who'll follow?
=260  \\$bCollege & University Press$c[1965]
=300  \\$a233 p.
=440  \0$aMasterworks of literature series,$vM-11$5FTS
=490  0\$aMasterworks of literature series,$vM-11$5FFmFGC
=490  0\$aMasterworks of literature series, M-11$5FSsNC$5FPeU$5FMFIU
=490  1\$aThe Masterworks of literature series,$vM-11$5FTaSU
=500  \\$a"M-11"$5FJUNF
=504  \\$aBibliography: p. 25.
=700  1\$aOsborne, William S.
=830  \0$aMasterworks of literature series
=830  \0$aMasterworks of literature series (New Haven, Conn.).
=951  \\$104$aFIU01:000046768;$5FMFIU
=951  \\$105$aFSU01:000062351;$5FTaSU
=951  \\$103$aGCU01:000028601;$5FFmFGC
=951  \\$106$aNCU01:000010383;$5FSsNC
=951  \\$109$aNFU01:000042614;$5FJUNF
=951  \\$110$aSFU01:000068291;$5FTS
=951  \\$108$aUFU01:000781963;$5FU
=951  \\$111$aWFU01:000043570;$5FPeU

