=LDR  02034cam a22003011i 4500
=001  020359829
=005  20100624180315.0
=006  m\\\\\\\\d
=007  cr\cn\||||||||
=008  070221s1913\\\\dcu\\\\\\s\\\f000\0\eng\d
=035  \\$a(Readex)NB00000179957
=035  \\$a(Readex)1189D876A678B970
=040  \\$aReadex$cReadex
=110  1\$aUnited States.$bCongress.$bSenate.$bCommittee on Military Affairs$g(1816-1857; 1868-1946)
=245  10$aJames Parsons. February 20, 1913. -- Ordered to be printed.$h[electronic resource]
=260  \\$aWashington, DC,$c1913.
=300  \\$a3 p.
=440  \0$aUnited States congressional serial set;$vserial set no. 6332$5FTaFA
=490  1\$aSenate report / 62nd Congress, 3rd session. Senate ;$vno. 1280$5FTaFA
=490  0\$aLaw Library Microform Consortium - Digital$5FTaFA
=533  \\$aElectronic reproduction.$bChester, Vt.:$cNewsBank, inc.,$d2007.$nAvailable via the World Wide Web.$nAccess restricted to Readex U.S. Congressional Serial Set subscribers.$5FTaFA
=540  \\$aCopyright 2007 by NewsBank, Inc. All rights reserved.$5FTaFA
=500  \\$aAccess restricted to college of law students, faculty and staff.$5FTaFA
=700  1\$aJones, Wesley Livsey,$d1863-1932.$uRepublican (WA)
=810  1\$aUnited States.$bCongress.$bSenate.$tReport$v62nd Congress, no. 1280
=856  40$uhttp://docs.newsbank.com/select/serialset/11931D3776EF9940.html$5FTaFA
=992  \\$aNOTICE TO MARC RECORDS USERS: Copyright 2007 - 2010 NewsBank, inc. All rights reserved. Any use of these MARC records other than for the viewing of a single record at a time by an end user for educational, non-commercial purposes is prohibited without NewsBank's express written permission. The removal or altering of any copyright or other notices within these MARC records or using any portion of these MARC records for purposes of manual, automated or other machine-assisted indexing or classification of other publications is prohibited and may result in civil or criminal penalty.
=951  \\$101$aAMU01:001018008;$5FTaFA

