=LDR  01765nam a2200433   4500
=001  020362484
=005  20080801130429.0
=008  710122s1970\\\\mdu\\\\\\b\\\\000\0beng\\
=010  \\$a   71128822 
=020  \\$a801811929
=035  \\$a(OCoLC)00112542
=040  \\$aDLC$cDLC$dFTU
=043  \\$ae-ur---$aaw-----
=050  0\$aDS63.2.R9$bK55
=082  0\$a327.47/056
=090  \\$aDS63.2.R9$bK55
=092  \\$a327.08$bW319s no.14
=100  1\$aKlieman, Aaron S.
=245  10$aSoviet Russia and the Middle East,$cby Aaron S. Klieman.
=260  \\$aBaltimore,$bJohns Hopkins Press$c[1970]
=300  \\$avi, 107 p.$c21 cm.
=410  20$aWashington Center of Foreign Policy Research.$tStudies in international affairs,$vno. 14$5FTaFA$5FBoU$5FU
=440  \0$aStudies in international affairs (Washington Center of Foreign Policy Research)$vno. 14$5FTS
=490  1\$aWashington Center of Foreign Policy Research. Studies in international affairs,$vno. 14$5FOFT$5FTaSU
=490  1\$aStudies in international affairs,$vno. 14$5FMFIU
=504  \\$aBibliography: p. 107.
=651  \0$aSoviet Union$xForeign relations$zMiddle East.
=651  \0$aMiddle East$xForeign relations$zSoviet Union.
=830  \0$aStudies in international affairs,$vno. 14
=830  \0$aStudies in international affairs (Washington Center of Foreign Policy Research) ;$vno. 14.
=830  \0$aStudies in international affairs (Baltimore, Md.) ;$vno. 14.
=951  \\$101$aAMU01:000017054;$5FTaFA
=951  \\$107$aCFU01:000014283;$5FOFT
=951  \\$102$aFAU01:000020005;$5FBoU
=951  \\$104$aFIU01:000015482;$5FMFIU
=951  \\$105$aFSU01:000026164;$5FTaSU
=951  \\$109$aNFU01:000015141;$5FJUNF
=951  \\$110$aSFU01:000025666;$5FTS
=951  \\$108$aUFU01:000825296;$5FU

