=LDR  02170cam a22003011i 4500
=001  020365315
=005  20100624180814.0
=006  m\\\\\\\\d
=007  cr\cn\||||||||
=008  070221s1913\\\\dcu\\\\\\s\\\f000\0\eng\d
=035  \\$a(Readex)NB00000180222
=035  \\$a(Readex)117C567597E007B0
=040  \\$aReadex$cReadex
=110  1\$aUnited States.$bCongress.$bSenate.
=245  10$aFortifications of Isthmian Canal. Letter from the Secretary of War, recommending an appropriation for continuing work on the armament of fortifications for the Isthmian Canal. April 9, 1913. -- Referred to the Committee on Appropriations and ordered to be printed.$h[electronic resource]
=260  \\$aWashington, DC,$c1913.
=300  \\$a2 p.
=440  \0$aUnited States congressional serial set;$vserial set no. 6535$5FTaFA
=490  1\$aSenate document / 63rd Congress, 1st session. Senate ;$vno. 2$5FTaFA
=490  0\$aLaw Library Microform Consortium - Digital$5FTaFA
=533  \\$aElectronic reproduction.$bChester, Vt.:$cNewsBank, inc.,$d2007.$nAvailable via the World Wide Web.$nAccess restricted to Readex U.S. Congressional Serial Set subscribers.$5FTaFA
=540  \\$aCopyright 2007 by NewsBank, Inc. All rights reserved.$5FTaFA
=500  \\$aAccess restricted to college of law students, faculty and staff.$5FTaFA
=710  1\$aUnited States.$bWar Department
=830  \0$aSenate document (United States. Congress. Senate) ;$v63rd Congress, no. 2.
=856  40$uhttp://docs.newsbank.com/select/serialset/119322A64BBF3B90.html$5FTaFA
=992  \\$aNOTICE TO MARC RECORDS USERS: Copyright 2007 - 2010 NewsBank, inc. All rights reserved. Any use of these MARC records other than for the viewing of a single record at a time by an end user for educational, non-commercial purposes is prohibited without NewsBank's express written permission. The removal or altering of any copyright or other notices within these MARC records or using any portion of these MARC records for purposes of manual, automated or other machine-assisted indexing or classification of other publications is prohibited and may result in civil or criminal penalty.
=951  \\$101$aAMU01:001018281;$5FTaFA

