=LDR  01266nam a2200325   4500
=001  020368225
=005  20060707094535.0
=008  700701r19701878nyu\\\\\\\\\\\000|0\eng\\
=010  \\$a   70109371 
=035  \\$a(OCoLC)00083682
=040  \\$aDLC$cDLC$dFUG
=050  0\$aPR931$b.L4 1970
=082  0\$a827/.009
=090  \\$aPR931$b.L4 1970
=092  \\$a827.09$bL643h, 1970
=100  1\$aL'Estrange, Alfred Guy Kingan,$db. 1832.
=245  10$aHistory of English humour,$bwith an introduction upon ancient humour.
=260  \\$aNew York,$bB. Franklin$c[1970]
=300  \\$a2 v. in 1$c23 cm.
=490  1\$aEssays in literature & criticism, 46$5FTS$5FTaSU$5FU
=490  1\$aBurt Franklin research and source works series 415$5FTS$5FTaSU$5FU
=500  \\$aReprint of the 1878 ed.$5FTS$5FTaSU$5FU
=650  \0$aEnglish wit and humor$xHistory and criticism.
=650  \0$aWit and humor$xHistory and criticism.
=830  \0$aBurt Franklin research & source works series,$v415.
=830  \0$aBurt Franklin bibliography & reference series.$pEssays in literature and criticism,$v46
=830  \0$aBurt Franklin research & source works series ;$vno. 415.
=951  \\$105$aFSU01:000018568;$5FTaSU
=951  \\$110$aSFU01:000017521;$5FTS
=951  \\$108$aUFU01:000335296;$5FU

