=LDR  02350cam a22003131i 4500
=001  020373584
=005  20100625095214.0
=006  m\\\\\\\\d
=007  cr\cn\||||||||
=008  070221s1913\\\\dcu\\\\\\s\\\f000\0\eng\d
=035  \\$a(Readex)NB00000180629
=035  \\$a(Readex)117BFEAEB4FDC3F0
=040  \\$aReadex$cReadex
=110  1\$aUnited States.$bCongress.$bSenate.
=245  10$aDavis plan of rural banks state and national. An address delivered at Asheville, N.C., on July 10, 1913, before the North Carolina Bankers' Association and representatives of the committees on rural finance of the various state bankers' associations of the southern states by Charles Hall Davis of Petersburg, Va. Presented by Mr. Fletcher. July 24, 1913. -- Ordered to be printed.$h[electronic resource]
=260  \\$aWashington, DC,$c1913.
=300  \\$a27 p.
=440  \0$aUnited States congressional serial set;$vserial set no. 6536$5FTaFA
=490  1\$aSenate document / 63rd Congress, 1st session. Senate ;$vno. 141$5FTaFA
=490  0\$aLaw Library Microform Consortium - Digital$5FTaFA
=533  \\$aElectronic reproduction.$bChester, Vt.:$cNewsBank, inc.,$d2007.$nAvailable via the World Wide Web.$nAccess restricted to Readex U.S. Congressional Serial Set subscribers.$5FTaFA
=540  \\$aCopyright 2007 by NewsBank, Inc. All rights reserved.$5FTaFA
=500  \\$aAccess restricted to college of law students, faculty and staff.$5FTaFA
=700  1\$aDavis, Charles Hall.
=700  1\$aFletcher, Duncan Upshaw,$d1859-1936.$uDemocrat (FL)
=830  \0$aSenate document (United States. Congress. Senate) ;$v63rd Congress, no. 141.
=856  40$uhttp://docs.newsbank.com/select/serialset/1193236DB3F237C0.html$5FTaFA
=992  \\$aNOTICE TO MARC RECORDS USERS: Copyright 2007 - 2010 NewsBank, inc. All rights reserved. Any use of these MARC records other than for the viewing of a single record at a time by an end user for educational, non-commercial purposes is prohibited without NewsBank's express written permission. The removal or altering of any copyright or other notices within these MARC records or using any portion of these MARC records for purposes of manual, automated or other machine-assisted indexing or classification of other publications is prohibited and may result in civil or criminal penalty.
=951  \\$101$aAMU01:001018693;$5FTaFA

