=LDR  04107cam a22006138a 4500
=001  020376202
=005  20050212143152.0
=008  910821s1992\\\\nju\\\\\\b\\\\001|0\eng\\
=010  \\$a91030328
=019  \\$a29361165
=020  \\$a080581079X
=020  \\$a0805810803 (pbk.)
=035  \\$a(OCoLC)24373071
=040  \\$aDLC$cDLC$dIAC$dOCL$dOrLoB-B
=050  00$aBF311$b.C543 1992
=060  0\$aBF 311$bS986 1992
=082  00$a153$220
=245  04$aThe Symbolic and connectionist paradigms :$bclosing the gap /$cedited by John Dinsmore.
=260  \\$aHillsdale, N.J. :$bL. Erlbaum Associates,$c1992.
=300  \\$axi, 300 p. :$bill. ;$c24 cm.
=440  \0$aCognitive Science series: technical monographs and edited collection.$5FTaSU
=490  0\$aCognitive science (Lawrence Erlbaum Associates)$5FTaSU
=490  1\$aCognitive science series$5FTS$5FOFT$5FPeU$5FU$5FMFIU
=504  \\$aIncludes bibliographical references and indexes.
=505  0\$aSymbolic paring via subsymbolic rules / Stan C. Kwasny and Kannaan A. Faisal -- Hybrid connectionist models : temporary bridges over the gap between the symbolic and the subsymbolic / Trent E. Lange.$5FTS$5FOFT$5FPeU$5FMFIU
=505  0\$aThunder in the gap / John Dinsmore -- Subsymbolic computation and the Chinese room / David J. Chalmers -- Rules in programming languages and networks / Fred Adams, Kenneth Aizawa, and Gary Fuller -- Biology and sufficiency in connectionist theory / Kenneth Aizawa -- Who's afraid of multiple realizability? : functionalism, reductionism, and connectionism / Justin Schwartz -- Exploring the symbolic/subsymbolic continuum : a case study of RAAM / Douglas S. Blank, Lisa A. Meeden, and James B. Marshall -- Connectionism generalization, and propositional attitudes : a catalogue of challenging issues / John A. Barnden -- Where do underlying representations come from? : a connectionist approach to the acquisition of phonological rules / Chan-Do Lee and Michael Gasser.$5FTS$5FOFT$5FPeU$5FMFIU
=650  \0$aCognition.
=650  \0$aConnectionism.
=650  \0$aMental representation.
=650  \2$aCognition.
=650  \2$aModels, Neurological.
=650  \2$aNeural Networks (Computer).
=700  1\$aDinsmore, John,$d1949-
=740  0\$aClosing the gap.
=830  \0$aCognitive science series (Hillsdale, N.J.)
=970  01$tPreface
=970  11$l1$tThunder in the Gap$cJohn Dinsmore$fDinsmore, John, 1949-$p1
=970  11$l2$tSubsymbolic Computation and the Chinese Room$cDavid J. Chalmers$fChalmers, David John, 1966-$p25
=970  11$l3$tRules in Programming Languages and Networks$cFred Adams$fAdams, Fred$cKenneth Aizawa$fAizawa, Kenneth$cGary Fuller$fFuller, Gary$p49
=970  11$l4$tBiology and Sufficiency in Connectionist Theory$cKenneth Aizawa$fAizawa, Kenneth$p69
=970  11$l5$tWho's Afraid of Multiple Realizability?: Functionalism, Reductionism, and Connectionism$cJustin Schwartz$fSchwartz, Justin$p89
=970  11$l6$tExploring the Symbolic/Subsymbolic Continuum: A Case Study of RAAM$cDouglas S. Blank$fBlank, Douglas S.$cLisa A. Meeden$fMeeden, Lisa A.$cJames B. Marshall$fMarshall, James B.$p113
=970  11$l7$tConnectionism, Generalization, and Propositional Attitudes: A Catalogue of Challenging Issues$cJohn A. Barnden$fBarnden, John A.$p149
=970  11$l8$tWhere Do Underlying Representations Come From?: A Connectionist Approach to the Acquisition of Phonological Rules$cChan-Do Lee$fLee, Chan-Do, 1953-$cMichael Gasser$fGasser, Michael.$p179
=970  11$l9$tSymbolic Paring Via Subsymbolic Rules$cStan C. Kwasny$fKwasny, Stan C.$cKannaan A. Faisal$fFaisal, Kannaan A.$p209
=970  11$l10$tHybrid Connectionist Models: Temporary Bridges Over the Gap Between the Symbolic and the Subsymbolic$cTrent E. Lange$fLange, Trent E.$p237
=970  01$tAuthor Index$p291
=970  01$tSubject Index$p297
=951  \\$107$aCFU01:000559029;$5FOFT
=951  \\$104$aFIU01:000496303;$5FMFIU
=951  \\$105$aFSU01:001285187;$5FTaSU
=951  \\$110$aSFU01:001007919;$5FTS
=951  \\$108$aUFU01:001772593;$5FU
=951  \\$111$aWFU01:000360984;$5FPeU

