=LDR  02419cam a22003131i 4500
=001  020379044
=005  20100625095529.0
=006  m\\\\\\\\d
=007  cr\cn\||||||||
=008  070221s1913\\\\dcu\\\\\\s\\\f000\0\eng\d
=035  \\$a(Readex)NB00000180900
=035  \\$a(Readex)117DA4AF852C14D8
=040  \\$aReadex$cReadex
=110  1\$aUnited States.$bCongress.$bHouse.
=245  10$aSchooner "Betsey." A letter from the Assistant Clerk of the Court of Claims transmitting the findings of fact and conclusions of law in the French spoliation claims relating to the vessel schooner "Betsey" in the cases of Insurance Co. of the State of Pennsylvania against the United States... October 27, 1913. -- Referred to the Committee on Claims and ordered to be printed.$h[electronic resource]
=260  \\$aWashington, DC,$c1913.
=300  \\$a4 p.
=440  \0$aUnited States congressional serial set;$vserial set no. 6548$5FTaFA
=490  1\$aHouse document / 63rd Congress, 1st session. House ;$vno. 263$5FTaFA
=490  0\$aLaw Library Microform Consortium - Digital$5FTaFA
=500  \\$a"Leaming, Sarah" is the version of the name that appears most often in the Congressional Serial Set.$5FTaFA
=533  \\$aElectronic reproduction.$bChester, Vt.:$cNewsBank, inc.,$d2007.$nAvailable via the World Wide Web.$nAccess restricted to Readex U.S. Congressional Serial Set subscribers.$5FTaFA
=540  \\$aCopyright 2007 by NewsBank, Inc. All rights reserved.$5FTaFA
=500  \\$aAccess restricted to college of law students, faculty and staff.$5FTaFA
=710  1\$aUnited States.$bCourt of Claims (1855-1982)
=830  \0$aHouse document (United States. Congress. House) ;$v63rd Congress, no. 263.
=856  40$uhttp://docs.newsbank.com/select/serialset/119323F4DF61FB38.html$5FTaFA
=992  \\$aNOTICE TO MARC RECORDS USERS: Copyright 2007 - 2010 NewsBank, inc. All rights reserved. Any use of these MARC records other than for the viewing of a single record at a time by an end user for educational, non-commercial purposes is prohibited without NewsBank's express written permission. The removal or altering of any copyright or other notices within these MARC records or using any portion of these MARC records for purposes of manual, automated or other machine-assisted indexing or classification of other publications is prohibited and may result in civil or criminal penalty.
=951  \\$101$aAMU01:001018961;$5FTaFA

