=LDR  04525cam a22005051i 4500
=001  020381895
=005  20100625095720.0
=006  m\\\\\\\\d
=007  cr\cn\||||||||
=008  070221s1913\\\\dcu\\\\\\s\\\f000\0\eng\d
=035  \\$a(Readex)NB00000181013
=035  \\$a(Readex)117DA28D889795C0
=040  \\$aReadex$cReadex
=110  1\$aUnited States.$bCongress.$bHouse.
=245  10$aPapers relating to the foreign relations of the United States. With the address of the President to Congress, December 2, 1913.$h[electronic resource]
=260  \\$aWashington, DC,$c1913.
=300  \\$a1547 p. :$btables.
=440  \0$aUnited States congressional serial set;$vserial set no. 6598$5FTaFA
=490  1\$aHouse document / 63rd Congress, 2nd session. House ;$vno. 1129$5FTaFA
=490  0\$aLaw Library Microform Consortium - Digital$5FTaFA
=500  \\$aTable of contents, p. III.$5FTaFA
=500  \\$aMessage of the President, p. IX.$5FTaFA
=500  \\$aList of papers [on foreign relations], with subjects of correspondence, p. XVII.$5FTaFA
=500  \\$aProclamation of March 15, 1913, of the Arbitration Agreement between the United States and France Extending the Duration of the Convention of February 10, 1908 (1913), p. 528.$5FTaFA
=500  \\$aProtocol Concerning Renewal of Relations between France and Venezuela (1913), p. 537.$5FTaFA
=500  \\$aProclamation of July 3, 1918, of the Treaty between the United States and Italy Amending Article 3 of the Treaty of Commerce and Navigation of February 26, 1871 (1913), p. 611.$5FTaFA
=500  \\$aAct Relating to the Rights, Powers and Disabilities of Aliens and of Certain Companies, Associations and Corporations with Respect to Property in This State, Providing for Escheats in Certain Cases, Prescribing the Procedure Therein, and Repealing All Acts or Parts of Acts Inconsistent or in Conflict Herewith (California-1913), p. 627.$5FTaFA
=500  \\$aPacto de la Ciudadela (Mexico-1913), p. 722.$5FTaFA
=500  \\$aProclamation of November 15, 1913, of the Arbitration Convention between the United States and Uruguay (1909), p. 1346.$5FTaFA
=500  \\$aProclamation of January 28, 1913, of the Convention between the United States and Other Powers, Extending the Duration of the Treaty for the Arbitration of Pecuniary Claims Signed at Mexico on January 30, 1902 (1906), p. 1349.$5FTaFA
=500  \\$aProclamation of January 28, 1913, of the Convention between the United States and Other Powers Establishing the Status of Naturalized Citizens Who Again Take Up Their Residence in the Country of Their Origin (1906), p. 1352.$5FTaFA
=500  \\$aProclamation of February 13, 1913, of the Convention between the United States and Other Powers for the Unification of Certain Rules of Law with Respect to Assistance and Salvage at Sea (1910), p. 1355.$5FTaFA
=500  \\$aProclamation of April 29, 1913, of the Convention and Final Protocol between the United States and Other Powers for the Protection of Industrial Property (1911), p. 1363.$5FTaFA
=500  \\$aProclamation of July 8, 1913, of the International Radiotelegraph Convention (1912), p. 1375.$5FTaFA
=500  \\$aIndex, p. 1415.$5FTaFA
=533  \\$aElectronic reproduction.$bChester, Vt.:$cNewsBank, inc.,$d2007.$nAvailable via the World Wide Web.$nAccess restricted to Readex U.S. Congressional Serial Set subscribers.$5FTaFA
=540  \\$aCopyright 2007 by NewsBank, Inc. All rights reserved.$5FTaFA
=500  \\$aAccess restricted to college of law students, faculty and staff.$5FTaFA
=700  1\$aWilson, Woodrow,$d1856-1924.
=710  1\$aUnited States.$bPresident (1913-1921 : Wilson)
=710  1\$aUnited States.$bDepartment of State
=830  \0$aHouse document (United States. Congress. House) ;$v63rd Congress, no. 1129.
=856  40$uhttp://docs.newsbank.com/select/serialset/119324EF03967CD0.html$5FTaFA
=992  \\$aNOTICE TO MARC RECORDS USERS: Copyright 2007 - 2010 NewsBank, inc. All rights reserved. Any use of these MARC records other than for the viewing of a single record at a time by an end user for educational, non-commercial purposes is prohibited without NewsBank's express written permission. The removal or altering of any copyright or other notices within these MARC records or using any portion of these MARC records for purposes of manual, automated or other machine-assisted indexing or classification of other publications is prohibited and may result in civil or criminal penalty.
=951  \\$101$aAMU01:001019096;$5FTaFA

