=LDR  02919pam a2200613 a 4500
=001  020384474
=005  20091105092131.0
=008  990309s1999\\\\nyua\\\\\b\\\\001\0\eng\\
=010  \\$a   99021924 
=015  \\$aGB99-W0621
=019  \\$a42835524
=020  \\$a0471349127 (cloth : alk. paper)
=035  \\$a(OCoLC)40964862
=035  9\$aAKL3943
=040  \\$aDLC$cDLC$dOrLoB
=050  00$aQA276.8$b.C48 1999
=082  00$a519.5/44$221
=100  1\$aChernick, Michael R.
=245  10$aBootstrap methods :$ba practitioner's guide /$cMichael R. Chernick.
=260  \\$aNew York ;$aChichester [England] :$bWiley,$cc1999.
=300  \\$axvi, 264 p. :$bill., maps ;$c25 cm.
=440  \0$aWiley series in probability and statistics$5FOFT$5FTaFA$5FU
=490  0\$aWiley series in probability and statistics$5FPeU$5FBoU
=490  1\$aWiley series in probability and statistics.$aApplied probability and statistics section$5FTS$5FMFIU
=490  1\$aWiley series in probability and statistics. Applied probability and statistics section$5FTaSU
=500  \\$a"A Wiley-Interscience publication."$5FJUNF$5FPeU$5FTS$5FBoU$5FTaSU$5FOFT$5FMFIU$5FTaFA$5FU
=504  \\$aIncludes bibliographical references (p. 161-244) and indexes.
=520  1\$a"Bootstrap Methods: A Practitioner's Guide provides an introduction to the bootstrap for readers who have professional interest in these methods but do not have a background in advanced mathematics. It offers reliable, authoritative coverage of the bootstrap's considerable advantages as well as its drawbacks." "Bootstrap Methods is a serious, useful, and unparalleled practical guide for professionals in engineering, the sciences, clinical medicine, and applied statistics."--BOOK JACKET.
=650  \0$aBootstrap (Statistics)
=830  \0$aWiley series in probability and statistics
=830  \0$aWiley series in probability and statistics.$pApplied probability and statistics.
=970  01$tPreface
=970  01$tAcknowledgments
=970  11$l1$tWhat is Bootstrapping?$p1
=970  11$l2$tEstimation$p23
=970  11$l3$tConfidence Sets and Hypothesis Testing$p49
=970  11$l4$tRegression Analysis$p70
=970  11$l5$tForecasting and Time Series Analysis$p89
=970  11$l6$tWhich Resampling Method Should You Use?$p101
=970  11$l7$tEfficient and Effective Simulation$p112
=970  11$l8$tSpecial Topics$p123
=970  11$l9$tWhen Does Bootstrapping Fail?$p149
=970  01$tBibliography$p161
=970  01$tAuthor Index$p245
=970  01$tSubject Index$p261
=951  \\$101$aAMU01:000405211;$5FTaFA
=951  \\$107$aCFU01:000824682;$5FOFT
=951  \\$102$aFAU01:000766865;$5FBoU
=951  \\$104$aFIU01:000869645;$5FMFIU
=951  \\$105$aFSU01:001748780;$5FTaSU
=951  \\$109$aNFU01:000508891;$5FJUNF
=951  \\$110$aSFU01:001217791;$5FTS
=951  \\$108$aUFU01:002491561;$5FU
=951  \\$111$aWFU01:000553893;$5FPeU

