=LDR  01475nam a2200397I  4500
=001  020387333
=005  20120224164000.0
=008  790517s1912\\\\nyuaf\\j\\\\\\000|f\eng\\
=010  \\$a   12011165 
=035  \\$a(OCoLC)04972990
=040  \\$aDLC$cDLM
=050  00$aPZ7.S91$bRoit
=090  \\$aPZ7.S91$bRoh
=100  1\$aWinfield, Arthur M.
=245  14$aThe Rover boys in the air, or, From college campus to the clouds /$cby Arthur M. Winfield.
=246  3\$aFrom college campus to the clouds
=260  \\$aNew York :$bGrosset & Dunlap,$cc1912.
=300  \\$a288 p. :$bill. ;$c20 cm.
=490  1\$aRover boys series$5FTS
=490  1\$aThe Rover boys series for young Americans$5FMFIU
=490  1\$aRover boys' series for young Americans ;$vv. 16$5FU
=650  \0$aKidnapping$vJuvenile fiction.
=650  \0$aCollege students$vJuvenile fiction.
=650  \0$aAeronautics$vJuvenile fiction.
=655  \7$aPublishers' advertisements$y1912.$2rbgenr
=655  \7$aMystery and detective fiction$y1912.$2rbgenr
=690  \4$aBldn$y1912.$5FU
=700  1\$aStratemeyer, Edward,$d1862-1930.
=710  2\$aChildren's Literature Collection.$5FTS
=710  2\$aGrosset & Dunlap.
=740  4\$aFrom college campus to the clouds.
=800  1\$aWinfield, Arthur M.$tRover boys series.
=800  1\$aWinfield, Arthur M.$tRover boys' series.$n1st ;$vv. 16.
=951  \\$104$aFIU01:000508586;$5FMFIU
=951  \\$110$aSFU01:000988633;$5FTS
=951  \\$108$aUFU01:002477562;$5FU

