=LDR  02242cam a22003491i 4500
=001  020390251
=005  20100625100321.0
=006  m\\\\\\\\d
=007  cr\cn\||||||||
=008  070221s1914\\\\dcu\\\\\\s\\\f000\0\eng\d
=035  \\$a(Readex)NB00000181385
=035  \\$a(Readex)1184E7909827AB88
=040  \\$aReadex$cReadex
=110  1\$aUnited States.$bCongress.$bHouse.
=245  10$aReconnaissance of the geology and oil prospects of northwestern Oregon. By Chester W. Washburne. [U.S. Geological Survey Bulletin 590.].$h[electronic resource]
=260  \\$aWashington, DC,$c1914.
=300  \\$a111 p. :$bmaps, tables.
=440  \0$aUnited States congressional serial set;$vserial set no. 6654$5FTaFA
=490  1\$aHouse document / 63rd Congress, 2nd session. House ;$vno. 1066$5FTaFA
=490  0\$aLaw Library Microform Consortium - Digital$5FTaFA
=500  \\$aTable of contents, p. 3.$5FTaFA
=500  \\$aList of illustrations, p. 4.$5FTaFA
=500  \\$aIndex, p. 109.$5FTaFA
=533  \\$aElectronic reproduction.$bChester, Vt.:$cNewsBank, inc.,$d2007.$nAvailable via the World Wide Web.$nAccess restricted to Readex U.S. Congressional Serial Set subscribers.$5FTaFA
=540  \\$aCopyright 2007 by NewsBank, Inc. All rights reserved.$5FTaFA
=500  \\$aAccess restricted to college of law students, faculty and staff.$5FTaFA
=700  1\$aWashburne, Chester W.
=710  1\$aUnited States.$bGeological Survey.
=830  \0$aHouse document (United States. Congress. House) ;$v63rd Congress, no. 1066.
=856  40$uhttp://docs.newsbank.com/select/serialset/119325328BC67B08.html$5FTaFA
=992  \\$aNOTICE TO MARC RECORDS USERS: Copyright 2007 - 2010 NewsBank, inc. All rights reserved. Any use of these MARC records other than for the viewing of a single record at a time by an end user for educational, non-commercial purposes is prohibited without NewsBank's express written permission. The removal or altering of any copyright or other notices within these MARC records or using any portion of these MARC records for purposes of manual, automated or other machine-assisted indexing or classification of other publications is prohibited and may result in civil or criminal penalty.
=951  \\$101$aAMU01:001019503;$5FTaFA

