=LDR  02392cam a22003371i 4500
=001  020396264
=005  20100625100729.0
=006  m\\\\\\\\d
=007  cr\cn\||||||||
=008  070221s1914\\\\dcu\\\\\\s\\\f000\0\eng\d
=035  \\$a(Readex)NB00000181720
=035  \\$a(Readex)117DFB1C25453E98
=040  \\$aReadex$cReadex
=110  1\$aUnited States.$bCongress.$bHouse.
=245  10$aSnohomish River, Wash. Letter from the Secretary of War, transmitting, with a letter from the Chief of Engineers, report on preliminary examination of Snohomish River, Wash., to the head of navigation. January 23, 1914. -- Referred to the Committee on Rivers and Harbors and ordered to be printed, with illustrations.$h[electronic resource]
=260  \\$aWashington, DC,$c1914.
=300  \\$a8 p. :$bmaps, tables.
=440  \0$aUnited States congressional serial set;$vserial set no. 6619$5FTaFA
=490  1\$aHouse document / 63rd Congress, 2nd session. House ;$vno. 649$5FTaFA
=490  0\$aLaw Library Microform Consortium - Digital$5FTaFA
=533  \\$aElectronic reproduction.$bChester, Vt.:$cNewsBank, inc.,$d2007.$nAvailable via the World Wide Web.$nAccess restricted to Readex U.S. Congressional Serial Set subscribers.$5FTaFA
=540  \\$aCopyright 2007 by NewsBank, Inc. All rights reserved.$5FTaFA
=500  \\$aAccess restricted to college of law students, faculty and staff.$5FTaFA
=700  1\$aCavanaugh, James B.
=710  1\$aUnited States.$bArmy.$bCorps of Engineers.
=710  1\$aUnited States.$bWar Department
=710  1\$aUnited States.$bWar Dept.$bEngineer Dept.
=830  \0$aHouse document (United States. Congress. House) ;$v63rd Congress, no. 649.
=856  40$uhttp://docs.newsbank.com/select/serialset/119327852A902228.html$5FTaFA
=992  \\$aNOTICE TO MARC RECORDS USERS: Copyright 2007 - 2010 NewsBank, inc. All rights reserved. Any use of these MARC records other than for the viewing of a single record at a time by an end user for educational, non-commercial purposes is prohibited without NewsBank's express written permission. The removal or altering of any copyright or other notices within these MARC records or using any portion of these MARC records for purposes of manual, automated or other machine-assisted indexing or classification of other publications is prohibited and may result in civil or criminal penalty.
=951  \\$101$aAMU01:001019792;$5FTaFA

