=LDR  01642cam a2200445 a 4500
=001  020402418
=005  20120623063800.0
=008  900712s1993\\\\caua\\\\\b\\\\001|0\eng\\
=010  \\$a   90044240 
=015  \\$aGB92-6980
=019  \\$a26310936
=020  \\$a0520082850 (pbk.)
=020  \\$a0520071107 (alk. paper)
=035  \\$a(OCoLC)22184503
=040  \\$aDLC$cDLC$dUKM$dEL{dollar}
=043  \\$acl-----
=050  00$aPQ7082.N7$bS58 1993
=082  00$a863$220
=100  1\$aSommer, Doris,$d1947-
=245  10$aFoundational fictions :$bthe national romances of Latin America /$cDoris Sommer.
=260  \\$aBerkeley :$bUniversity of California Press,$cc1993.
=300  \\$axiii, 418 p. :$bill. ;$c23 cm.
=490  1\$aLatin American literature and culture ;$v7$5FU$5FTaSU$5FTaFA$5FBoU
=490  1\$aLatin American literature and culture ;$v8$5FPeU$5FMFIU$5FOFT
=504  \\$aIncludes bibliographical references and index.
=650  \0$aLatin American fiction$y19th century$xHistory and criticism.
=650  \0$aLiterature and society$zLatin America.
=650  \0$aNationalism in literature.
=653  0\$aSpanish fiction
=653  0\$aSouth America
=653  0\$aCentral America
=830  \0$aLatin American literature and culture (Berkeley, Calif.) ;$v8.
=830  \0$aLatin American literature and culture (Berkeley, California) ;$v7.
=951  \\$101$aAMU01:000310338;$5FTaFA
=951  \\$107$aCFU01:000779025;$5FOFT
=951  \\$102$aFAU01:000427398;$5FBoU
=951  \\$104$aFIU01:000513341;$5FMFIU
=951  \\$105$aFSU01:001242848;$5FTaSU
=951  \\$108$aUFU01:001628091;$5FU
=951  \\$111$aWFU01:000522658;$5FPeU

