=LDR  02488cam a2200481 a 4500
=001  020405044
=005  20050908172756.0
=008  000731s2000\\\\enkac\\\\b\\\\001\0ceng\d
=015  \\$aGBA0-Y5262
=020  \\$a1858285348
=035  \\$a(OCoLC)43718335
=040  \\$aUKM$cUKM$dMIA$dCLU$dFUG$dOrLoB-B
=042  \\$apcc
=050  \4$aML3524$b.W643 2000
=082  04$a781.642$221
=090  \\$aML3524$b.W655 2000
=100  1\$aWolff, Kurt.
=245  10$aCountry music :$bthe rough guide /$cwritten by Kurt Wolff ; edited by Orla Duane.
=246  3\$aRough guide to country music
=260  \\$aLondon :$bRough Guides,$c2000.
=300  \\$aviii, 596 p. :$bill., ports. ;$c24 cm.
=440  \0$aMusic reference series$5FU$5FTaSU$5FOFT
=440  \0$aRough Guides music reference series$5FU
=490  1\$aMusic reference series$5FMFIU
=490  1\$aRough guides$5FTS
=490  1\$aRough guides ... music reference series$5FJUNF
=500  \\$aIncludes index.$5FU$5FTS$5FMFIU
=500  \\$a"The complete guide to country music, the artists, the songs, and the stories behind them."--Cover.$5FJUNF
=504  \\$aIncludes index.
=520  1\$a"The Rough Guide to Country Music is both a record buyer's guide as well as an encyclopedia; it covers every phase of country's development, from hillbilly string bands and honky-tonk legends to the musicians of the new century, both mainstream and "alternative."" "Features include: insightful essays that trace Country's growth from hand-me-down folk to a major American industry; concise biographies of hundreds of performers - not just the household names and million-selling stars, but also the oddballs, outsiders, and overlooked innovators; critical album reviews, from the earliest commercial recordings of the 1920s through the multiplatinum artists of today; and more than 250 images, including vintage album jackets and previously unpublished photos."--BOOK JACKET.
=650  \0$aCountry music$xHistory.
=650  \0$aCountry music$vHandbooks, manuals, etc.
=650  \0$aCountry music$xHistory and criticism.
=650  \0$aCountry music$vDiscography.
=650  \0$aCountry musicians$vBiography.
=700  1\$aDuane, Orla.
=830  \0$aRough Guides music reference series.
=951  \\$107$aCFU01:000876777;$5FOFT
=951  \\$104$aFIU01:000907171;$5FMFIU
=951  \\$105$aFSU01:001842593;$5FTaSU
=951  \\$109$aNFU01:000509313;$5FJUNF
=951  \\$110$aSFU01:001262086;$5FTS
=951  \\$108$aUFU01:002672199;$5FU

