=LDR  03088nam a2200697Ii 4500
=001  020408034
=005  20091007090709.0
=008  791012s1977\\\\caua\\\\\b\\\\000\0\eng\\
=010  \\$a   77072857 
=020  \\$a0803907958
=020  \\$a0803907958 :$c{dollar}3.00
=035  \\$a(OCoLC)03154599
=040  \\$aSNN$cSNN$dFDA
=050  0\$aH61$b.S28 no. 8
=050  0\$aHA33$b.H54
=082  0\$a300/.01/5195
=090  \\$aH61$b.H5
=090  \\$aQA297$b.H642 1977
=090  \\$aHA29$b.H64
=096  \\$aH 61 Q1 no. 8 1977
=100  1\$aHildebrand, David K.,$d1940-
=245  10$aAnalysis of ordinal data /$cDavid K. Hildebrand, James D. Laing, Howard Rosenthal.
=260  \\$aBeverly Hills, Calif. :$bSage Publications,$c1977.
=300  \\$a79 p. ;$c22 cm.
=440  \0$aSage university papers.$pQuantitative applications in the social sciences ;$vser. no. 07-008$5FSsNC
=490  0\$aA Sage university paper$5FFmFGC$5FPeU$5FMFIU$5FTaFA
=490  0\$aSage university paper : Quantitative applications in the social sciences ; ser. no. 07-008$5FOFT$5FBoU$5FU
=490  0\$aQuantitative applications in the Social sciences ; ser. no. 07-008$5FMFIU$5FTaFA
=490  1\$aQuantitative applications in the Social sciences ;$vser. no. 07-008$5FFmFGC
=490  1\$aSage university papers series. Quantitative applications in the social sciences ;$vno. 07-008$5FTS
=490  1\$aQuantitative applications in the Social sciences$vser. no.8$5FPeU
=490  1\$aSage university paper. Quantitative applications in the social sciences ;$vser. no. 07-008$5FTaSU
=500  \\$a"A Sage university paper."$5FJUNF
=504  \\$aBibliography: p. 78-79.
=650  \0$aSocial sciences$xStatistical methods.
=650  \0$aNumbers, Ordinal.
=650  \0$aPrediction theory.
=650  \2$aStatistics$xmethods.
=650  \2$aData Interpretation, Statistical.
=650  \2$aSocial Sciences.
=700  1\$aRosenthal, Howard,$d1939-$ejoint author.
=700  1\$aLaing, James D.$q(James Dwight),$d1935-$ejoint author.
=700  1\$aLaing, James D.,$d1935-
=700  1\$aRosenthal, Howard,$d1939-
=700  1\$aLaing, James D.,$d1935-$ejoint author.
=700  1\$aLaing, James D.$q(James Dwight),$d1935-
=830  \0$aSage university papers series.$pQuantitative applications in the social sciences ;$vser. no. 07-008.
=830  \0$aSage university papers series.$pQuantitative applications in the social sciences ;$vno. 07-008
=830  \0$aSage university papers series.$pQuantitative applications in the social sciences ;$vno. 8.
=830  \0$aQuantitative applications in the Social sciences ;$vno. 07-008
=951  \\$101$aAMU01:000185371;$5FTaFA
=951  \\$107$aCFU01:000145275;$5FOFT
=951  \\$102$aFAU01:000188402;$5FBoU
=951  \\$104$aFIU01:000169176;$5FMFIU
=951  \\$105$aFSU01:000326403;$5FTaSU
=951  \\$103$aGCU01:000008412;$5FFmFGC
=951  \\$106$aNCU01:000132221;$5FSsNC
=951  \\$109$aNFU01:000159073;$5FJUNF
=951  \\$110$aSFU01:000541923;$5FTS
=951  \\$108$aUFU01:000179163;$5FU
=951  \\$111$aWFU01:000152644;$5FPeU

