=LDR  02010cam a22003011i 4500
=001  020410757
=005  20100625101721.0
=006  m\\\\\\\\d
=007  cr\cn\||||||||
=008  070221s1914\\\\dcu\\\\\\s\\\f000\0\eng\d
=035  \\$a(Readex)NB00000182430
=035  \\$a(Readex)118E24EEE2B6AC48
=040  \\$aReadex$cReadex
=110  1\$aUnited States.$bCongress.$bSenate.$bCommittee on Claims.$g(1816-1946)
=245  10$aJohn W. Cupp. March 24, 1914. -- Ordered to be printed.$h[electronic resource]
=260  \\$aWashington, DC,$c1914.
=300  \\$a4 p.
=440  \0$aUnited States congressional serial set;$vserial set no. 6555$5FTaFA
=490  1\$aSenate report / 63rd Congress, 2nd session. Senate ;$vno. 370$5FTaFA
=490  0\$aLaw Library Microform Consortium - Digital$5FTaFA
=533  \\$aElectronic reproduction.$bChester, Vt.:$cNewsBank, inc.,$d2007.$nAvailable via the World Wide Web.$nAccess restricted to Readex U.S. Congressional Serial Set subscribers.$5FTaFA
=540  \\$aCopyright 2007 by NewsBank, Inc. All rights reserved.$5FTaFA
=500  \\$aAccess restricted to college of law students, faculty and staff.$5FTaFA
=700  1\$aBristow, Joseph Little,$d1861-1944.$uRepublican (KS)
=810  1\$aUnited States.$bCongress.$bSenate.$tReport$v63rd Congress, no. 370
=856  40$uhttp://docs.newsbank.com/select/serialset/119325E632301560.html$5FTaFA
=992  \\$aNOTICE TO MARC RECORDS USERS: Copyright 2007 - 2010 NewsBank, inc. All rights reserved. Any use of these MARC records other than for the viewing of a single record at a time by an end user for educational, non-commercial purposes is prohibited without NewsBank's express written permission. The removal or altering of any copyright or other notices within these MARC records or using any portion of these MARC records for purposes of manual, automated or other machine-assisted indexing or classification of other publications is prohibited and may result in civil or criminal penalty.
=951  \\$101$aAMU01:001020486;$5FTaFA

