=LDR  01190nam a2200349   4500
=001  020413616
=005  20120623055900.0
=008  700817c19691927nyu\\\\\\b\\\\001|0beng\\
=010  \\$a   70083422 
=035  \\$a(OCoLC)00091404
=040  \\$aDLC$cDLC$dFHM
=043  \\$an-us---
=050  0\$aBX4705.E66$bG5 1969
=082  0\$a282/.0924$aB
=090  \\$aBX4705.E66$bG5 1969
=092  \\$a282.092$bE58g 1969
=100  1\$aGuilday, Peter Keenan,$d1884-1947.
=245  14$aThe life & times of John England.
=260  \\$aNew York,$bArno Press,$c1969 [c1927]
=300  \\$ax, 596, 577 p.$c24 cm.
=440  \0$aThought foundation: historical series,$vno. 1$5FTS$5FU
=490  1\$aReligion in America$5FTS
=490  1\$aThought foundation: historical series,$vno. 1$5FTaSU
=500  \\$aFirst published 1927.$5FTaSU
=504  \\$aIncludes bibliographical references.
=600  10$aEngland, John,$d1786-1842.
=610  20$aCatholic Church$zUnited States.
=830  \0$aReligion in America (New York, N.Y.).
=830  \0$aHistorical series (Thought Foundation) ;$vno. 1.
=951  \\$105$aFSU01:000020485;$5FTaSU
=951  \\$110$aSFU01:000019582;$5FTS
=951  \\$108$aUFU01:000820109;$5FU

