=LDR  02389cam a22003131i 4500
=001  020416668
=005  20100625102103.0
=006  m\\\\\\\\d
=007  cr\cn\||||||||
=008  070221s1914\\\\dcu\\\\\\s\\\f000\0\eng\d
=035  \\$a(Readex)NB00000182699
=035  \\$a(Readex)117FEC84C05B3B78
=040  \\$aReadex$cReadex
=110  1\$aUnited States.$bCongress.$bHouse.
=245  10$aUnited States Public Health Service. The care of the baby. Prepared by a committee of the American Association for the Study and Prevention of Infant Mortality and presented to the association at its annual meeting held in Washington, D.C., November 14-17, 1913. Supplement No. 10 to the Public Health Reports, December 19, 1913. April 24, 1914. -- Ordered to be printed.$h[electronic resource]
=260  \\$aWashington, DC,$c1914.
=300  \\$a14 p. :$billustrations.
=440  \0$aUnited States congressional serial set;$vserial set no. 6755$5FTaFA
=490  1\$aHouse document / 63rd Congress, 2nd session. House ;$vno. 919$5FTaFA
=490  0\$aLaw Library Microform Consortium - Digital$5FTaFA
=533  \\$aElectronic reproduction.$bChester, Vt.:$cNewsBank, inc.,$d2007.$nAvailable via the World Wide Web.$nAccess restricted to Readex U.S. Congressional Serial Set subscribers.$5FTaFA
=540  \\$aCopyright 2007 by NewsBank, Inc. All rights reserved.$5FTaFA
=500  \\$aAccess restricted to college of law students, faculty and staff.$5FTaFA
=710  1\$aUnited States.$bPublic Health Service
=710  2\$aAmerican Association for the Study and Prevention of Infant Mortality.
=830  \0$aHouse document (United States. Congress. House) ;$v63rd Congress, no. 919.
=856  40$uhttp://docs.newsbank.com/select/serialset/119C65B1C988F6B8.html$5FTaFA
=992  \\$aNOTICE TO MARC RECORDS USERS: Copyright 2007 - 2010 NewsBank, inc. All rights reserved. Any use of these MARC records other than for the viewing of a single record at a time by an end user for educational, non-commercial purposes is prohibited without NewsBank's express written permission. The removal or altering of any copyright or other notices within these MARC records or using any portion of these MARC records for purposes of manual, automated or other machine-assisted indexing or classification of other publications is prohibited and may result in civil or criminal penalty.
=951  \\$101$aAMU01:001020768;$5FTaFA

