=LDR  03113nam a22005651a 4500
=001  020419745
=005  20060920214800.0
=007  he\bmb020baca
=008  901213r19851985dcu\\\\\b\\\\f000\0\eng\d
=035  \\$a(OCoLC)12156671
=035  \\$aocl12156671
=035  \\$agp 85026467
=040  \\$aGPO$cGPO$dMvI-ocm$dCongressional Information Service
=043  \\$an-us---
=050  \4$aKF49
=074  \\$a1008-C, 1008-D (MF)
=074  \\$a1008-C, 1008-D (microfiche)
=086  0\$aY 1.1/8:99-93/pt.1-3
=099  \\$aMicrofiche
=099  \\$aCIS Microfiche: see note in record
=110  1\$aUnited States.$bCongress.$bHouse.$bCommittee on Energy and Commerce
=245  10$aAuthorizing appropriations for the Nuclear Regulatory Commission for fiscal year 1986 and fiscal year 1987$h[microform] :$breport (to accompany H.R. 1711) (including the cost estimate of the Congressional Budget Office).
=260  \\$a[Washington, D.C.? :$bU.S. G.P.O.,$c1985]-.
=300  \\$a3 v. ;$c24 cm.
=490  1\$aRept. / 99th Congress, 1st session, House of Representatives ;$v99-93, pts. 2-3$5FOFT$5FMFIU$5FTaFA$5FTS$5FBoU$5FU
=490  1\$aReport / 99th Congress, 1st session, House of Representatives ;$v99-93, pt. 1$5FOFT$5FMFIU$5FTaFA$5FTS$5FBoU$5FU
=500  \\$aMonthly Catalog Number: gp 85026467$5FTS$5FBoU
=500  \\$a"May 14, 1985"--Pt. 1.$5FOFT$5FMFIU$5FTaFA$5FTS$5FBoU$5FU
=500  \\$a"May 23, 1985"--Pt. 2.$5FOFT$5FMFIU$5FTaFA$5FTS$5FBoU$5FU
=500  \\$a"June 25, 1985"--Pt. 3.$5FOFT$5FMFIU$5FTaFA$5FTS$5FBoU$5FU
=500  \\$aDistributed to some depository libraries in microfiche.$5FOFT$5FTS$5FBoU$5FU
=500  \\$aCaption title.$5FOFT$5FMFIU$5FTaFA$5FTS$5FBoU$5FU
=500  \\$aCIS Microfiche Accession Numbers: CIS 85 H443-9 (pt.1), CIS 85 H443-10 (pt.2), CIS 85 H363-19 (pt.3)$5FMFIU$5FTaFA
=500  \\$aReuse of record except for individual research requires license from Congressional Information Service, Inc.$5FMFIU
=500  \\$aMonthly Catalog Number: gp 5026467$5FOFT
=500  \\$aReuse of record except for individual research requires license from LexisNexis Academic & Library Solutions.$5FTaFA
=533  \\$aMicrofiche.$b[Bethesda, Md.] :$cCongressional Information Service,$d1985.$e11 X 15 cm.$5FMFIU
=533  \\$aMicrofiche.$b[Bethesda, Md.] :$cLexisNexis Academic & Library Solutions,$d1985.$e11 X 15 cm.$5FTaFA
=610  20$aU.S. Nuclear Regulatory Commission$xAppropriations and expenditures.
=651  \0$aUnited States$xAppropriations and expenditures, 1986-1987.
=710  1\$aUnited States.$bCongress.$bHouse.$bCommittee on Energy and Commerce.
=810  1\$aUnited States.$bCongress.$bHouse.$bCommittee on Energy and Commerce.
=810  1\$aUnited States.$bCongress$n(99th, 1st session :$d1985).$bHouse.$tReport ;$v99-93, pt. 3.
=810  1\$aUnited States.$bCongress.$bHouse.$tReport$v99-93, pt. 3.
=951  \\$101$aAMU01:000699408;$5FTaFA
=951  \\$107$aCFU01:000508656;$5FOFT
=951  \\$102$aFAU01:000384537;$5FBoU
=951  \\$104$aFIU01:001071428;$5FMFIU
=951  \\$110$aSFU01:000800040;$5FTS
=951  \\$108$aUFU01:001308794;$5FU

