=LDR  01338cam a22003851  4500
=001  020422848
=005  20120623051300.0
=008  711013s1966\\\\ilu\\\\\\b\\\\000|0\engm\
=010  \\$a   66015202 
=035  \9$a(OCoLC)00321393
=040  \\$aDLC$cDLC$dMCL$dFHM
=050  0\$aE98.S7$bE4
=082  0\$a970.1
=090  \\$aE98.S7$bE4
=092  \\$a970.1$bE29a
=100  1\$aEggan, Fred,$d1906-
=245  14$aThe American Indian;$bperspectives for the study of social change,$cby Fred Eggan.
=260  \\$aChicago,$bAldine Pub. Co.$c[1966]
=300  \\$axi, 193 p.$c22 cm.
=440  \4$aThe Lewis Henry Morgan lectures,$v1964.$5FOFT$5FPeU$5FBoU$5FMFIU$5FTS
=490  0\$aThe Lewis Henry Morgan lectures,$v1964$5FTaSU
=490  0\$aThe Lewis Henry Morgan lectures, 1964$5FSsNC
=504  \\$aBibliography: p. 179-190.
=650  \0$aIndians of North America$xSocial life and customs.
=650  \0$aSocial change.
=650  \2$aIndians, North American
=830  \4$aThe Lewis Henry Morgan lectures$v1964.
=951  \\$107$aCFU01:000041360;$5FOFT
=951  \\$102$aFAU01:000056315;$5FBoU
=951  \\$104$aFIU01:000053431;$5FMFIU
=951  \\$105$aFSU01:000072475;$5FTaSU
=951  \\$106$aNCU01:000012585;$5FSsNC
=951  \\$110$aSFU01:000079572;$5FTS
=951  \\$108$aUFU01:000788096;$5FU
=951  \\$111$aWFU01:000049821;$5FPeU

