=LDR  02719cam a2200553Ia 4500
=001  020425775
=005  20120918152039.0
=008  721006s1967\\\\dcuabf\\\b\\\f001\0\eng\d
=019  \\$a191107995$a671236890
=035  \\$a(OCoLC)00424409
=040  \\$aWSU$cWSU$dOCL$dOCLCQ$dIVU$dXFF$dHUH$dNUI$dVVC$dOKU
=043  \\$an-us-nd
=049  \\$aFUGG
=050  \4$aE99.M2
=050  \4$aE77.8$b.R5 no. 39
=050  \4$aE51$b.U6 no.198
=050  \4$aE51$b.U6 subser. no.
=082  \4$a978.4/83
=086  0\$aSI 2.3:198
=086  0\$aY 1.1/7:89-315
=086  0\$a89-2:H.doc.315
=100  1\$aWood, W. Raymond.
=245  13$aAn interpretation of Mandan culture history /$cby W. Raymond Wood.
=246  17$aMandan culture history
=260  \\$aWashington :$bU.S. G.P.O.,$c1967.
=300  \\$axiv, 232 p., [13] p. of plates, (4 folded) :$bill., maps ;$c24 cm.
=490  1\$aRiver basin survey papers / Inter-Agency Archeological Salvage Program ;$vno. 39
=490  1\$aSmithsonian Institution Bureau of American Ethnology bulletin ;$v198.$aRiver Basin Surveys papers ;$vno. 39
=500  \\$aAlso issued as House document no. 315, 89th Congress, 2nd session.
=550  \\$aA report from the Interagency Archeological Salvage Program.
=504  \\$aIncludes bibliographical references and index.
=505  0\$aThe setting. Environmental setting ; Cultural setting -- New data : the Huff Site (32MO11). Fieldwork ; Artifacts ; The Huff Focus -- Synthesis : the Mandan archeological sequence -- The nature and source of change in Mandan prehistory -- Corn and squash from six sites in North and South Dakota / by Hugh C. Cutler -- Notes on the bison bone from the Huff, Paul Brave, and Demery Sites / by W. Raymond Wood.
=530  \\$aAlso available online.
=651  \0$aOahe, Lake (S.D. and N.D.)$xAntiquities.
=650  \0$aMandan Indians$xAntiquities.
=650  \0$aMandan Indians.
=650  \0$aSalvage archaeology$zNorth Dakota.
=650  \0$aExcavations (Archaeology)$zOahe, Lake (S.D. and N.D.)
=650  \0$aExcavations (Archaeology)$zNorth Dakota.
=651  \0$aNorth Dakota$xAntiquities.
=651  \0$aMorton County (N.D.)$xAntiquities.
=710  2\$aRiver Basin Surveys.
=710  2\$aInteragency Archeological Salvage Program (U.S.)
=776  08$iOnline version:$aWood, W. Raymond.$tinterpretation of Mandan culture history.$dWashington : U.S. G.P.O., 1967$w(OCoLC)793288492
=830  \0$aRiver Basin Surveys papers ;$vno. 39.
=830  \0$aBulletin (Smithsonian Institution. Bureau of American Ethnology) ;$v198.
=830  \0$aHouse document (United States. Congress. House) ;$v89th Congress, no. 315.
=951  \\$109$aNFU01:000062482;$5FJUNF
=951  \\$108$aUFU01:002008836;$5FU

