=LDR  01367nam a2200361   4500
=001  020434160
=005  20111018110723.0
=008  710408s1970\\\\mau\\\\\\b\\\\000|0\eng\\
=010  \\$a   70116923 
=020  \\$a0872700151
=035  \\$a(OCoLC)00132640
=040  \\$aDLC$cDLC$dFUB
=043  \\$an-us---
=050  0\$aKF8748$b.S29
=082  0\$a347/.7326
=090  \\$aKB86.A2$bS36
=100  1\$aSchubert, Glendon A.
=245  14$aThe constitutional polity,$cby Glendon Schubert.
=260  \\$aBoston,$bBoston University Press,$c1970.
=300  \\$axviii, 195 p.$c22 cm.
=440  \4$aThe Gaspar G. Bacon lectures on the Constitution of the United States,$v1968$5FPeU$5FMFIU$5FU
=490  1\$aThe Gaspar G. Bacon lecture[s] on the Constitution of the United States,$v1968$5FOFT$5FTaSU
=490  1\$aThe Gaspar G. Bacon lecture on the Constitution of the United States,$v1968$5FTS
=504  \\$aIncludes bibliographical references.
=610  10$aUnited States.$bSupreme Court.
=650  \0$aConstitutional law$zUnited States.
=830  \0$aGaspar G. Bacon lectures on the Constitution of the United States ;$v1968.
=951  \\$107$aCFU01:000016734;$5FOFT
=951  \\$104$aFIU01:000019519;$5FMFIU
=951  \\$105$aFSU01:000030199;$5FTaSU
=951  \\$110$aSFU01:000030205;$5FTS
=951  \\$108$aUFU01:000234564;$5FU
=951  \\$111$aWFU01:000022305;$5FPeU

