=LDR  02068cam a22003011i 4500
=001  020443030
=005  20100625103742.0
=006  m\\\\\\\\d
=007  cr\cn\||||||||
=008  070221s1914\\\\dcu\\\\\\s\\\f000\0\eng\d
=035  \\$a(Readex)NB00000183976
=035  \\$a(Readex)118FC7A0AB454D10
=040  \\$aReadex$cReadex
=110  1\$aUnited States.$bCongress.$bHouse.$bCommittee on Rules.$g(1849-50; 1880- )
=245  10$aBoard of Managers of the National Home for Disabled Volunteer Soldiers. October 16, 1914. -- Ordered to be printed.$h[electronic resource]
=260  \\$aWashington, DC,$c1914.
=300  \\$a1 p.
=440  \0$aUnited States congressional serial set;$vserial set no. 6567$5FTaFA
=490  1\$aHouse report / 63rd Congress, 2nd session. House ;$vno. 1192$5FTaFA
=490  0\$aLaw Library Microform Consortium - Digital$5FTaFA
=533  \\$aElectronic reproduction.$bChester, Vt.:$cNewsBank, inc.,$d2007.$nAvailable via the World Wide Web.$nAccess restricted to Readex U.S. Congressional Serial Set subscribers.$5FTaFA
=540  \\$aCopyright 2007 by NewsBank, Inc. All rights reserved.$5FTaFA
=500  \\$aAccess restricted to college of law students, faculty and staff.$5FTaFA
=700  1\$aHenry, Robert Lee,$d1864-1931.$uDemocrat (TX)
=810  1\$aUnited States.$bCongress.$bHouse.$tReport ;$v63rd Congress, no. 1192
=856  40$uhttp://docs.newsbank.com/select/serialset/11932623F3CA3D60.html$5FTaFA
=992  \\$aNOTICE TO MARC RECORDS USERS: Copyright 2007 - 2010 NewsBank, inc. All rights reserved. Any use of these MARC records other than for the viewing of a single record at a time by an end user for educational, non-commercial purposes is prohibited without NewsBank's express written permission. The removal or altering of any copyright or other notices within these MARC records or using any portion of these MARC records for purposes of manual, automated or other machine-assisted indexing or classification of other publications is prohibited and may result in civil or criminal penalty.
=951  \\$101$aAMU01:001022041;$5FTaFA

