=LDR  01420cam a2200385I  4500
=001  020459832
=005  20120329100407.0
=008  720705s1966\\\\gw\\\\\\\b\\\\000\0\ger\\
=010  \\$a   66067819 
=015  \\$aGDB66-A29-135
=035  \\$a(OCoLC)00348471
=040  \\$aDLC$cOSU$dSER$dm/c$dFHC
=050  0\$aPT405$b.T7
=084  \\$a18.09$2bcl
=090  \\$aPT405$b.T7
=100  1\$aTrommler, Frank,$d1939-
=245  10$aRoman und Wirklichkeit.$bEine Ortsbestimmung am Beispiel von Musil, Broch, Roth, Doderer und Gütersloh.
=260  \\$aStuttgart,$aBerlin,$aKöln,$aMainz,$bKohlhammer$c(1966)
=300  \\$a180 p.$c21 cm.
=490  0\$aSprache und Literatur,$v30$5FSsNC$5FFmFGC$5FTS$5FU
=490  1\$aSprache und Literatur, 30$5FBoU$5FTaSU
=504  \\$a"Anmerkungen" (bibliographical): p. 171-180.
=650  \0$aGerman literature$y20th century$xHistory and criticism.
=650  \6$aLittérature allemande$y20e siècle$xHistoire et critique.
=650  17$aLetterkunde.$2gtt
=650  17$aDuits.$2gtt
=650  17$aRomans.$2gtt
=830  \0$aSprache und Literatur (Stuttgart, W. Kohlhammer)$v30.
=830  \0$aSprache und Literatur (Stuttgart, Germany)$v30.
=951  \\$102$aFAU01:000060655;$5FBoU
=951  \\$105$aFSU01:000078434;$5FTaSU
=951  \\$103$aGCU01:000031728;$5FFmFGC
=951  \\$106$aNCU01:000013839;$5FSsNC
=951  \\$110$aSFU01:000086251;$5FTS
=951  \\$108$aUFU01:000793388;$5FU

