=LDR  02122nam a2200541I  4500
=001  020467579
=005  20150420191554.0
=008  750916s1951\\\\fluab\\\\b\\\s001|0\eng\\
=010  \\$ags 52000111
=035  \\$a(OCoLC)01628214
=035  \\$a002036981
=040  \\$aDLC$cDZM
=043  \\$an-us-fl
=050  0\$aQE99$b.A3 no. 33
=082  \\$a557.59
=086  \\$a.g4/33/951$2fldocs
=092  \\$a557.59$bF636g, no.33
=099  \\$aNR$a.I3:$aG4/33
=099  \9$aNR.I 3:G 4/33/951
=100  1\$aVernon, Robert O.$q(Robert Orion),$d1912-
=245  10$aGeology of Citrus and Levy Counties, Florida,$cby Robert O. Vernon.
=260  \\$aTallahassee,$bPublished for the Florida Geological Survey$c1951.
=300  \\$axi, 256 p.$billus., fold. maps (2 in pocket)$c23 cm.
=440  \0$aFlorida. Geological Survey. Geological bulletin$vno. 33$5FMFIU$5FFmFGC
=440  \0$aGeological bulletin (Tallahassee, Fla.) ;$vno. 33$5FU
=490  1\$aFlorida. Geological Survey. Geological bulletin no. 33$5FOFT$5FTaSU$5FPeU
=490  1\$aGeological bulletin no. 33$5FTS
=490  1\$aGeological bulletin ;$vno. 33$5FJUNF
=500  \\$aIncludes index.$5FOFT$5FJUNF
=500  \\$aMaps in pocket.$5FJUNF
=504  \\$aBibliography: p. 247-252.
=530  \\$aElectronic reproduction of copy from George A. Smathers Libraries, University of Florida also available.$5FU
=650  \0$aGeology$zFlorida$zCitrus County.
=650  \0$aGeology$zFlorida$zLevy County.
=710  2\$aFloridiana Collection.$5FTS
=710  2\$aFlorida Geological Survey.
=830  \0$aGeological bulletin (Tallahassee, Fla.) ;$vno. 33
=856  41$yClick here for full text$uhttp://ufdc.ufl.edu/UF00000148$zAlso available online
=899  \0$aJ. Floyd Monk collection.$5FMFIU
=098  97$aNR.I3:G4/33/951
=951  \\$107$aCFU01:000225183;$5FOFT
=951  \\$104$aFIU01:001009688;$5FMFIU
=951  \\$105$aFSU01:000720038;$5FTaSU
=951  \\$103$aGCU01:000179686;$5FFmFGC
=951  \\$109$aNFU01:000299490;$5FJUNF
=951  \\$110$aSFU01:001190892;$5FTS
=951  \\$108$aUFU01:002036981;$5FU
=951  \\$111$aWFU01:000355537;$5FPeU

