=LDR  01294nam a2200325Ia 4500
=001  020475466
=005  20060726113439.0
=008  830628s1983\\\\gw\\\\\\\b\\\\000|0\ger\d
=020  \\$a3123977005 (pbk.) :$c{dollar}10.80
=020  \\$a3123977005
=035  \\$a(OCoLC)09650817
=040  \\$aUIU$cUIU
=090  \\$aPT2635.I65$bZ9798 1983
=092  \\$a8311.912
=245  00$aZu Rainer Maria Rilke /$cherausgegeben von Egon Schwarz.
=250  \\$a1. Aufl.
=260  \\$aStuttgart :$bE. Klett,$c1983.
=300  \\$a164 p. ;$c21 cm.
=490  1\$aLGW-Interpretationen. Literaturwissenschaft-Gesellschaftswissenschaft ;$v62$5FTaSU
=490  1\$aLiteraturwissenschaft, Gesellschaftswissenschaft ;$v62.$aLGW- Interpretationen$5FU
=500  \\$aSpine title: Rainer Maria Rilke-Interpretationen.$5FTaSU
=504  \\$aIncludes bibliographical references.
=600  10$aRilke, Rainer Maria,$d1875-1926$xCriticism and interpretation
=700  1\$aSchwarz, Egon,$d1922-
=740  0\$aRainer Maria Rilke-Interpretationen.
=740  0\$aInterpretationen zu Rainer Maria Rilke.
=830  \0$aLiteraturwissenschaft--Gesellschaftswissenschaft ;$v62.
=830  \0$aLiteraturwissenschaft--Gesellschaftswissenschaft.$pLGW-Interpretationen.
=951  \\$105$aFSU01:000509753;$5FTaSU
=951  \\$108$aUFU01:000410569;$5FU

