=LDR  02326nam a2200601   4500
=001  020482224
=005  20110524114549.0
=008  710503s1970\\\\fr\\\\\\\b\\\\000\0\engm\
=010  \\$a   73554599 
=015  \\$aF***
=020  \\$a9231008498
=035  \9$a(OCoLC)00138258
=040  \\$aDLC$cDLC$dFXG
=043  \\$ae-ur---
=050  0\$aAS4.U8$bA15 SHC.70/19.8a
=050  0\$aDK268.3$bZ9
=082  0\$a700/.947
=090  \\$aAS4.U8$bA15
=090  \\$aDK276$b.Z93
=090  \\$aDK268.3$b.Z9
=090  \\$aNX770.U57$bZ83
=090  \\$aDK268.3$b.Z96 1970
=092  \\$a301.2908$bS933 no.8
=099  \\$aUNESCO$aSHC$aXIX.8a
=100  1\$aZvorykin, A. A.
=245  10$aCultural policy in the Union of Soviet Socialist Republics,$cby A. A. Zvorykin, with the assistance of N. I. Golubt︠s︡ova and E. I. Rabinovich.
=260  \\$a[Paris]$bUnesco$c[1970]
=300  \\$a68 p.$c24 cm.
=410  20$aUnesco$tDocument$vSHC.70/XIX.8/A$5FTaFA
=440  \0$aStudies and documents on cultural policies,$v8$5FTaFA$5FMFIU$5FTS$5FTaSU$5FSsNC$5FU
=490  0\$a[Document] (Unesco) ;$vSHC.70/XIX.8/A$5FTS
=490  0\$aUnited Nations Educational, Scientific and Cultural Organization. [Document] SHC.70/XIX.8/A$5FTaSU
=490  1\$aStudies and documents on cultural policies ;$v8$5FJUNF
=490  1\$aUnesco. Document$vSHC. 70/XIX. 8/A$5FSsNC
=500  \\$a"Document SHC.70/XIX.8/A."$5FJUNF
=500  \\$a"SHC.70/XIX.8/A."$5FMFIU$5FU
=504  \\$aIncludes bibliographical references.
=530  \\$aAvailable online.$5FMFIU
=651  \0$aSoviet Union$xIntellectual life.
=651  \0$aSoviet Union$xCultural policy.
=700  1\$aRabinowitch, Eugene,$d1901-1973.
=700  1\$aRabinowitch, Eugene,$d1901-
=700  1\$aGolubt︠s︡ova, Natalʹi︠a︡ Ivanovna.
=830  \0$aStudies and documents on cultural policies ;$v8.
=830  \0$aDocument (Unesco) ;$vSHC. 70/XIX. 8/A.
=856  41$3Full report$uhttp://unesdoc.unesco.org/images/0000/000012/001240eo.pdf$5FMFIU$yAlso available online. Click here!
=951  \\$101$aAMU01:000020215;$5FTaFA
=951  \\$104$aFIU01:000021057;$5FMFIU
=951  \\$105$aFSU01:000031431;$5FTaSU
=951  \\$106$aNCU01:000184452;$5FSsNC
=951  \\$109$aNFU01:000019751;$5FJUNF
=951  \\$110$aSFU01:000031777;$5FTS
=951  \\$108$aUFU01:000842867;$5FU

