=LDR  01386njm a2200325Ka 4500
=001  020490999
=005  20090903112713.0
=007  sdrbsmenn|||||
=008  830708s1972\\\\it\\\nn\\\\\\\\\\|\\ita\d
=019  \\$a9679195
=028  02$aVPA 8149$bAlbatros
=035  \\$a(OCoLC)74383498
=040  \\$aFDA$cFDA
=099  \\$aRec$a11579$aSLP
=245  03$aLa Zampogna in Italia & [i.e. e] le launeddas$hsound recording =$bThe Bagpipe in Italy /$cantologia a cura di Roberto Leydi e Bruno Pianta.
=260  \\$aItaly :$bAlbatros,$cp1972.
=300  \\$a1 sound disc :$b33 1/3 rpm, stereo. ;$c12 in. +$e1 booklet.
=490  1\$aGli Strumenti popolari europei =$aEuropean popular instruments ;$v2$5FTaSU
=490  1\$aDocumenti originali del folklore musicale europeo =$aOriginal folk & ethnic music of the peoples of Europe$5FTaSU
=500  \\$aChiefly folk music for bagpipe, alone and with other instruments; includes some selections with vocals.$5FTaSU
=511  0\$aPerformed by native musicians.
=518  \\$aRecorded c. 1935-1972, chiefly by R. Leydi and B. Pianta.$5FTaSU
=590  \\$aBooklet lacking.$5FTaSU
=650  \0$aBagpipe music.
=650  \0$aFolk music$zItaly.
=700  1\$aLeydi, Roberto,$d1928-2003.
=700  1\$aPianta, Bruno.
=740  4\$aThe Bagpipe in Italy.
=830  \0$aDocumenti originali del folklore musicale europeo.
=951  \\$105$aFSU01:000510071;$5FTaSU

