=LDR  01864cam a2200385Ka 4500
=001  020498954
=005  20120623082900.0
=008  950508s1990\\\\txu\\\\\b\\\\f000|0\eng\d
=035  \\$a(OCoLC)32437559
=035  \\$a(MARCIVE)tmp91330108
=037  \\$aN 91-25639$bNASA
=040  \\$aGPO$cGPO$dMvI
=074  \\$a0830-H-14 (MF)
=086  0\$aNAS 1.26:188587
=245  00$aSummary report for the engineering script language (ESL)$h[microform] /$c[prepared by SofTech, Inc.].
=260  \\$a[Houston, Tex.] :$bResearch Institute for Computing and Information Systems, University of Houston--Clear Lake :$bNASA Johnson Space Center, Information Systems Directorate, Information Technology Division ;$a[Springfield, Va. :$bNational Technical Information Service, distributor,$c1990]
=300  \\$a1 v.
=440  \0$a[NASA contractor report] ;$vNASA CR-188587$5FU$5FTS$5FBoU
=490  0\$aTechnical report$5FU$5FTS$5FBoU$5FTaSU
=490  0\$a[NASA contractor report] ;$vNASA CR-188587$5FTaSU
=500  \\$aDistributed to depository libraries in microfiche.$5FU$5FTS$5FBoU
=533  \\$aMicrofiche.$b[Washington, D.C. :$cNational Aeronautics and Space Administration,$d1991]$e1 microfiche.$5FU$5FTS$5FBoU$5FTaSU
=650  \7$aHuman-computer interface.$2nasat
=650  \7$aProgramming languages.$2nasat
=650  \7$aSoftware engineering.$2nasat
=650  \7$aFlight plans.$2nasat
=650  \7$aComputerized simulation.$2nasat
=650  \7$aComputer programs.$2nasat
=710  2\$aLyndon B. Johnson Space Center.$bInformation Technology Division.
=710  2\$aSofTech, inc.
=830  \0$aTechnical report (University of Houston--Clear Lake. Research Institute for Computing and Information Systems)
=951  \\$102$aFAU01:000556225;$5FBoU
=951  \\$105$aFSU01:001484488;$5FTaSU
=951  \\$110$aSFU01:001026836;$5FTS
=951  \\$108$aUFU01:002010866;$5FU

