=LDR  01678nam a2200385Ka 4500
=001  020508003
=005  20070628102353.0
=008  950512s1988\\\\txu\\\\\b\\\\f000|0\eng\d
=035  \\$a(OCoLC)32463178
=037  \\$aN 89-11786$bNASA
=040  \\$aGPO$cGPO
=074  \\$a0830-H-14 (MF)
=086  0\$aNAS 1.26:183338
=245  00$aAdvanced analytical facilities$hmicroform :$breport of the Planetary Materials and Geochemistry Working Group.
=260  \\$aHouston, Tex. :$bLunar and Planetary Institute ;$a[Washington, D.C. :$bNational Aeronautics and Space Administration ;$aSpringfield, Va. :$bNational Technical Information Service, distributor,$c1988]
=300  \\$a1 v.
=440  \0$a[NASA contractor report] ;$vNASA CR-183338$5FU
=490  1\$aLPI technical report ;$vno. 88-11$5FU$5FTS$5FBoU$5FTaSU
=490  1\$aNASA-CR-183338$5FTS$5FBoU$5FTaSU
=500  \\$aDistributed to depository libraries in microfiche.$5FU$5FTS$5FBoU
=533  \\$aMicrofiche.$b[Washington, D.C. :$cNational Aeronautics and Space Administration,$d1989]$e1 microfiche.$5FU$5FTS$5FBoU$5FTaSU
=650  \7$aBudgets.$2nasat
=650  \7$aSampling.$2nasat
=650  \7$aResearch facilities.$2nasat
=650  \7$aNASA programs.$2nasat
=650  \7$aMeasuring instruments.$2nasat
=650  \7$aMaintenance.$2nasat
=650  \7$aLife (Durability)$2nasat
=710  1\$aUnited States.$bNational Aeronautics and Space Administration.
=830  \0$aLPI technical report ;$v88-11.
=830  \0$aNASA contractor report ;$vNASA CR-183338.
=951  \\$102$aFAU01:000556411;$5FBoU
=951  \\$105$aFSU01:001484658;$5FTaSU
=951  \\$110$aSFU01:001027099;$5FTS
=951  \\$108$aUFU01:002011153;$5FU

