=LDR  02218cam a22004578a 4500
=001  020516270
=005  20050315170736.0
=008  940324s1995\\\\nyua\\\\\b\\\\001|0\eng\\
=010  \\$a94013543
=020  \\$a0412038110
=035  \\$a(OCoLC)30156831
=040  \\$aDLC$cDLC$dFUG$dOrLoB-B
=050  00$aQD381$b.M47 1995
=082  00$a547.7$220
=245  00$aMesomolecules :$bfrom molecules to materials /$ceditors G. David Mendenhall, Arthur Greenberg, and Joel F. Liebman.
=260  \\$aNew York, N.Y. :$bChapman & Hall,$cc1995.
=300  \\$axi, 199 p. :$bill. ;$c24 cm.
=440  \0$aStructure energetics and reactivity in chemistry ;$vv. 1$5FOFT
=490  1\$aStructure energetics and reactivity in chemistry ; v. 1$5FTS
=490  1\$aStructure energetics and reactivity in chemistry ;$vv. 1$5FU$5FTaSU
=504  \\$aIncludes bibliographical references and index.
=650  \0$aMacromolecules.
=700  1\$aLiebman, Joel F.
=700  1\$aGreenberg, Arthur.
=700  1\$aMendenhall, G. David,$d1945-
=830  \0$aStructure energetics and reactivity in chemistry series ;$vv. 1.
=970  01$tPreface
=970  01$tSeries Preface
=970  01$tContributors
=970  11$l1$tFrom Molecules to Materials$cG. David Mendenhall$fMendenhall, G. David, 1945-$p1
=970  11$l2$tCascade Molecules$cGeorge E. Newkome$fNewkome, George E.$cCharles N. Moorefield$fMoorefield, Charles N.$p27
=970  11$l3$tDendritic Polynuclear Metal Complexes with Made-to-Order Luminescent and Redox Properties$cGianfranco Denti$fDenti, Gianfranco$cSebastiano Campagna$fCampagna, Sebastiano$cVincenzo Balzani$fBalzani, Vincenzo$p69
=970  11$l4$tMolecular Tectonics$cJames D. Wuest$fWuest, James D.$p107
=970  11$l5$tSupramolecular Assemblies from "Tinkertoy" Rigid-Rod Molecules$cJosef Michl$fMichl, Josef, 1939-$p132
=970  11$l6$tGraphite: Flat, Fibrous, and Spherical$cJohn A. Jaszczak$fJaszczak, John A.$p161
=970  11$tFractal Index and Fractal Notation$cG. David Mendenhall$fMendenhall, G. David, 1945-$p181
=970  01$tIndex$p195
=951  \\$107$aCFU01:000570048;$5FOFT
=951  \\$105$aFSU01:001487587;$5FTaSU
=951  \\$110$aSFU01:001030895;$5FTS
=951  \\$108$aUFU01:002011416;$5FU

