=LDR  08089pam a22007694a 4500
=001  020522638
=005  20050908173457.0
=008  000516s2000\\\\nyu\\\\\\b\\\\000\0\eng\\
=010  \\$a00040723
=020  \\$a1573928658
=020  \\$a1573928658 (paper : alk. paper)
=035  \\$a(OCoLC)44090562
=040  \\$aDLC$cDLC$dFUG$dOrLoB-B
=042  \\$apcc
=043  \\$an-us---
=050  00$aHD8072.5$b.U185 2000
=082  00$a331/.0973/0904$221
=245  00$aU.S. labor in the twentieth century :$bstudies in working-class struggles and insurgency /$cedited by John Hinshaw and Paul Le Blanc.
=246  3\$aUnited States labor in the twentieth century
=260  \\$aAmherst, N.Y. :$bHumanity Books,$c2000.
=300  \\$a397 p. ;$c23 cm.
=440  \0$aRevolutionary studies$5FTaSU$5FMFIU
=490  0\$aRevolutionary studies$5FBoU$5FOFT
=490  1\$aRevolutionary studies series$5FU$5FTS
=504  \\$aIncludes bibliographical references.
=505  0\$a1. Why the Working Class Still Matters / Paul Le Blane and John Hinshaw -- 2. The Making of the American Working Class / Harry Braverman -- 3. Working-Class Studies: Where It's Been Lately and Where It's Going / Sherry Linkon, Bill Mullen and John Russo / [et al.] -- 4. Ethnic Organizing: A Double-Edged Sword / Dan Georgakas -- 5. The Appeal to Reason and the Mass Socialist Movement Before World War I / David Riehle -- 6. Representations of Women in Narratives About the Great Steel Strike of 1919 / David Demarest -- 7. Reflections on the Great Migration of Western Pennsylvania / Joe W. Trotter -- 8. The Gendered Social World of Steelmaking: A Case Study of Bethlehem Steel's Sparrows Point Plant / Karen Olson -- 9. Revolutionary Vanguards in the United States During the 1930s / Paul Le Blanc -- 10. The Role of Women, and of Radicals, in the First Sit-Down Strikes / Genora Johnson Dollinger and Kathleen O'Nan.$5FTaSU
=505  0\$aWhy the working class still matters / Paul Le Blanc and John Hinshaw -- The making of the American working class / Harry Braverman -- Working-class studies : where it's been lately and where it's going / Sherry Linkon ... [et al.] -- Ethnic organizing : a double-edged sword / Dan Georgakas -- The Appeal to reason and the mass socialist movement before World War I / David Riehle -- Representations of women in narratives about the great steel strike of 1919 / David Demarest -- Reflections on the great migration to western Pennsylvania / Joe W. Trotter -- The gendered social world of steelmaking : a case study of Bethlehem Steel's Sparrows Point plant / Karen Olson -- Revolutionary vanguards in the United Staes during the 1930s / Paul Le Blanc -- The role of women and of radicals in the first sit-down strikes : an interview with Genora Johnson Dollinger / by Kathleen O'Nan -- Opportunities found and lost : labor, radicals, and the early civil rights movement / Robert Korstad and Nelson Lichtenstein -- A. Philip Randolph and the foundations of black socialism / Manning Marable -- Working-class lives/working-class studies : a historian's perspective / Lizabeth Cohen -- Modest but adequate : standard of living for Mon Valley steelworkers in the union era / Mark McColloch -- We are the union / Ed Mann -- Black workers' struggles for jobs and civil rights in twentieth-century Pittsburgh / John Hinshaw -- Why unions matter / Elaine Bernard -- A century of struggle in Homestead : working-class responses to corporate power / Irwin M. Marcus -- The role of labor today : reflections on the past throw light on the road ahead / James J. Matles -- Seeds of a labor insurgency / Peter Rachleff -- The struggle for survival / General Baker.$5FBoU
=505  8\$a11. Opportunities Found and Lost: Labor, Radicals, and the Early Civil Rights Movement / Robert Korstad and Nelson Lichtenstein -- 12. A Philip Randolph and the Foundations of Black Socialism / Manning Marable -- 13. Working-Class Lives/Working-Class Studies: A Historian's Perspective / Lizabeth Cohen -- 14. Modest but Adequate: Standard of Living for Mon Valley Steelworkers in the Union Era / Mark McColloch -- 15. We Are the Union / Ed Mann -- 16. Black Workers' Struggles for Jobs and Civil Rights in Twentieth-Century Pittsburgh / John Hinshaw -- 17. Why Unions Matter / Elaine Bernard -- 18. A Century of Struggle in Homestead: Working-Class Responses to Corporate Power / Irwin M. Marcus -- 19. The Role of Labor Today: Reflections on the Past Throw Light on the Road Ahead / James J. Matles -- 20. Seeds of a Labor Insurgency / Peter Rachleff -- 21. The Struggle for Survival / General Baker.$5FTaSU
=650  \0$aWorking class$zUnited States$xHistory$y20th century.
=650  \0$aLabor movement$zUnited States$xHistory$y20th century.
=650  \0$aIndustrial relations$zUnited States$xHistory$y20th century.
=650  \0$aIndustrial mobilization$zUnited States$xHistory$y20th century.
=700  1\$aHinshaw, John H.,$d1963-
=700  1\$aLe Blanc, Paul,$d1947-
=797  23$aRobert Zieger Labor History Collection.$5FU
=710  2\$aRobert Zieger Labor History Collection.$5FU
=830  \0$aRevolutionary studies
=830  \0$aRevolutionary studies series
=970  11$l1$tWhy the Working Class Still Matters$cPaul Le Blane$fLe Blane, Paul$cJohn Hinshaw$fHinshaw, John$p13
=970  11$l2$tMaking of the American Working Class$cHarry Braverman$fBraverman, Harry.$p24
=970  11$l3$tWorking-Class Studies: Where It's Been Lately and Where It's Going$cSherry Linkon$fLinkon, Sherry Lee, 1959-$cBill Mullen$fMullen, Bill$cJohn Russo$fRusso, John$d[et al.]$p39
=970  11$l4$tEthnic Organizing: A Double-Edged Sword$cDan Georgakas$fGeorgakas, Dan$p63
=970  11$l5$tAppeal to Reason and the Mass Socialist Movement Before World War I$cDavid Riehle$fRiehle, David$p72
=970  11$l6$tRepresentations of Women in Narratives About the Great Steel Strike of 1919$cDavid Demarest$fDemarest, David P.$p82
=970  11$l7$tReflections on the Great Migration of Western Pennsylvania$cJoe W. Trotter$fTrotter, Joe William, 1945-$p92
=970  11$l8$tGendered Social World of Steelmaking: A Case Study of Bethlehem Steel's Sparrows Point Plant$cKaren Olson$fOlson, Karen$p101
=970  11$l9$tRevolutionary Vanguards in the United States During the 1930s$cPaul Le Blanc$fLe Blanc, Paul$p129
=970  11$l10$tRole of Women, and of Radicals, in the First Sit-Down Strikes$cGenora Johnson Dollinger$fDollinger, Genora Johnson.$cKathleen O'Nan$fO'Nan, Kathleen$p162
=970  11$l11$tOpportunities Found and Lost: Labor, Radicals, and the Early Civil Rights Movement$cRobert Korstad$fKorstad, Robert$cNelson Lichtenstein$fLichtenstein, Nelson.$p178
=970  11$l12$tPhilip Randolph and the Foundations of Black Socialism$cManning Marable$fMarable, Manning, 1950-$p206
=970  11$l13$tWorking-Class Lives/Working-Class Studies: A Historian's Perspective$cLizabeth Cohen$fCohen, Lizabeth$p235
=970  11$l14$tModest but Adequate: Standard of Living for Mon Valley Steelworkers in the Union Era$cMark McColloch$fMcColloch, Mark$p246
=970  11$l15$tWe Are the Union$cEd Mann$fMann, Ed$p263
=970  11$l16$tBlack Workers' Struggles for Jobs and Civil Rights in Twentieth-Century Pittsburgh$cJohn Hinshaw$fHinshaw, John$p295
=970  11$l17$tWhy Unions Matter$cElaine Bernard$fBernard, Elaine$p329
=970  11$l18$tCentury of Struggle in Homestead: Working-Class Responses to Corporate Power$cIrwin M. Marcus$fMarcus, Irwin M.$p340
=970  11$l19$tRole of Labor Today: Reflections on the Past Throw Light on the Road Ahead$cJames J. Matles$fMatles, James J.$p359
=970  11$l20$tSeeds of a Labor Insurgency$cPeter Rachleff$fRachleff, Peter$p369
=970  11$l21$tStruggle for Survival$cGeneral Baker$fBaker, General$p382
=970  01$tContributors$p393
=951  \\$107$aCFU01:000881264;$5FOFT
=951  \\$102$aFAU01:000840265;$5FBoU
=951  \\$104$aFIU01:000918173;$5FMFIU
=951  \\$105$aFSU01:001816284;$5FTaSU
=951  \\$109$aNFU01:000511721;$5FJUNF
=951  \\$110$aSFU01:001273869;$5FTS
=951  \\$108$aUFU01:002674271;$5FU

