=LDR  02952cam a2200517Ia 4500
=001  020530100
=005  20110309124111.0
=006  m\\\\\\\\d\\\\\\\\
=007  cr\cn|
=008  090622s2009\\\\gw\a\\\\sb\\\\100\0\eng\d
=020  \\$a9783642013072
=020  \\$a3642013074
=035  \\$a(OCoLC)405547742
=037  \\$a978-3-642-01306-5$bSpringer$nhttp://www.springerlink.com
=040  \\$aGW5XE$beng$cGW5XE
=050  14$aQA76.9.D3$bP33 2009
=050  14$aQA76.9.D3
=072  \7$aQA$2lcco
=082  04$a005.74$222
=111  2\$aPacific-Asia Conference on Knowledge Discovery and Data Mining$n(13th :$d2009 :$cBangkok, Thailand)
=245  10$aAdvances in knowledge discovery and data mining$h[electronic resource] :$b13th Pacific-Asia Conference, PAKDD 2009, Bangkok, Thailand, April 27-30, 2009 ; proceedings /$cThanaruk Theeramunkong ... [et al.] (eds.).
=246  3\$aPAKDD 2009
=260  \\$aBerlin :$bSpringer,$cc2009.
=300  \\$axxiv, 1076 p. :$bill. ;$c24 cm.
=490  1\$aLecture notes in computer science,$x0302-9743 ;$v5476$5FTS$5FU$5FMFIU$5FOFT
=490  1\$aLecture notes in artificial intelligence$5FTS$5FU$5FMFIU$5FOFT
=500  \\$aInternational conference proceedings.$5FTS$5FU$5FMFIU$5FOFT
=504  \\$aIncludes bibliographical references.
=533  \\$aElectronic reproduction.$bNew York :$cSpringer,$d2009.$nMode of access: World Wide Web.$nSystem requirements: Web browser.$nTitle from title screen (viewed on June 4, 2009).$nAccess may be restricted to users at subscribing institutions.$5FTS$5FU$5FMFIU$5FOFT
=650  \0$aDatabase management$vCongresses.
=650  \0$aDatabase searching$vCongresses.
=650  \0$aData mining$vCongresses.
=655  \7$aElectronic books.$2local
=700  1\$aTheeramunkong, Thanaruk.
=710  2\$aSpringerLink (Online service)
=776  1\$cOriginal$z9783642013065$z3642013066$w(OCoLC)320198724
=830  \0$aLecture notes in computer science.$pLecture notes in artificial intelligence ;$v5476.
=856  40$yUCF: Click here for ONLINE ACCESS$uhttps://login.ezproxy.net.ucf.edu/login?url=http://dx.doi.org/10.1007/978-3-642-01307-2$xxnoindex$5FOFT$zSpringerLink
=856  40$xSpringerLink$uhttp://ezproxy.lib.usf.edu/login?url=http://dx.doi.org/10.1007/978-3-642-01307-2$xAn electronic book accessible through the World Wide Web; click for information$yUSF ONLINE ACCESS$5FTS
=856  40$3SpringerLink$uhttp://dx.doi.org/10.1007/978-3-642-01307-2$zAn electronic book accessible through the World Wide Web; click for information$5FU
=856  40$3SpringerLink$uhttp://ezproxy.fiu.edu/login?url=http://dx.doi.org/10.1007/978-3-642-01307-2$yFIU users: view content here$5FMFIU
=949  \\$aFTS$bSFERS$cBOOK$xPROCESSED 2009-07-08 SpringerLink$hQA76.9.D3 (ONLINE:SpringerLink)$b(ONLINE:SpringerLink)
=951  \\$107$aCFU01:001872909;$5FOFT
=951  \\$104$aFIU01:001616875;$5FMFIU
=951  \\$110$aSFU01:002017302;$5FTS
=951  \\$108$aUFU01:005075840;$5FU

