=LDR  02611nam a2200481Ia 4500
=001  020537116
=005  20130326152830.0
=006  m\\\\\\\\d\\\\\\\\
=007  cr\cn|
=008  090622s2009\\\\nyua\\\\ob\\\\001\0\eng\d
=020  \\$a9780387893419
=020  \\$a0387893415
=020  \\$a0387893415 (ebook)
=020  \\$a9780387893419 (ebook)
=035  \\$a(OCoLC)405546096
=037  \\$a978-0-387-89340-2$bSpringer$nhttp://www.springerlink.com
=040  \\$aGW5XE$beng$cGW5XE
=050  14$aQB64$b.C66 2009
=082  04$a520$222
=100  1\$aCooke, Antony,$d1948-
=245  10$aMake time for the stars$h[electronic resource] :$bfitting astronomy into your busy life /$cby Antony Cooke.
=260  \\$aNew York ;$aLondon :$bSpringer,$c2009.
=300  \\$a1 online resource (xii, 259 p.) :$bill.
=490  1\$aPatrick Moore's practical astronomy series,$x1431-9756$5FU
=490  1\$aPatrick Moore's practical astronomy series$5FTS$5FOFT
=500  \\$aDescription based on print version record.$5FU
=504  \\$aIncludes bibliographical references and index.
=533  \\$aElectronic reproduction.$bNew York :$cSpringer,$d2009.$nMode of access: World Wide Web.$nSystem requirements: Web browser.$nTitle from title screen (viewed on June 4, 2009).$nAccess may be restricted to users at subscribing institutions.$5FTS$5FU$5FOFT
=650  \0$aAstronomical instruments$vAmateurs' manuals.
=650  \0$aAstronomy$vObservers' manuals.
=655  \7$aElectronic books.$2local
=655  \0$aElectronic books.
=710  2\$aSpringerLink (Online service)
=776  1\$cOriginal$z9780387893402$z0387893407$w(OCoLC)299243094
=830  \0$aPatrick Moore's practical astronomy series.
=856  40$xSpringerLink$uhttp://ezproxy.lib.usf.edu/login?url=http://dx.doi.org/10.1007/978-0-387-89341-9$xAn electronic book accessible through the World Wide Web; click for information$yUSF ONLINE ACCESS$5FTS
=856  40$3SpringerLink$uhttp://dx.doi.org/10.1007/978-0-387-89341-9$zAn electronic book accessible through the World Wide Web; click for information$5FU
=856  40$yUCF: Click here for ONLINE ACCESS$uhttps://login.ezproxy.net.ucf.edu/login?url=http://dx.doi.org/10.1007/978-0-387-89341-9$xxnoindex$5FOFT$zSpringerLink
=856  40$3SpringerLink$uhttp://ezproxy.fiu.edu/login?url=http://dx.doi.org/10.1007/978-0-387-89341-9$yFIU users: view content here$5FMFIU
=949  \\$aFTS$bSFERS$cBOOK$xPROCESSED 2009-07-08 SpringerLink$hQB64 (ONLINE:SpringerLink)$b(ONLINE:SpringerLink)
=951  \\$107$aCFU01:001873665;$5FOFT
=951  \\$110$aSFU01:002017519;$5FTS
=951  \\$108$aUFU01:005086301;$5FU

