=LDR  02541cam a2200517Ka 4500
=001  020543312
=005  20080524142836.0
=008  030930s2003\\\\ohu\\\\\b\\\\f000\0\eng\d
=019  \\$a80636008
=027  \\$aAIAA-2003-1304
=035  \\$a(MARCIVE)tmp97318115
=035  \\$a(OCoLC)53116145
=035  \\$atmp97318115
=037  \\$a20030016684$bNASA
=040  \\$aGPO$cGPO$dOCLCQ$dGPO$dMvI
=074  \\$a0830-D (MF)
=074  \\$a0830-D (online)
=086  0\$aNAS 1.15:2003-212109
=086  0\$aNAS 1.15:212109$zNAS 1.15:2003-212109
=100  1\$aGreen, Robert D.
=245  10$aPreliminary results of a microgravity investigation to measure net charge on granular materials$h[microform] /$cRobert D. Green and Jerry G. Myers, Bonnie L. Hansen ; [prepared for 41st Aerospace Sciences Meeting and Exhibit ; sponsored by the American Institute of Aeronautics and Astronautics, Reno, Nevada, January 6-9, 2003].
=260  \\$aCleveland, Ohio :$bNational Aeronautics and Space Administration, Glenn Research Center ;$aHanover MD :$bAvailable from NASA Center for AeroSpace Information,$c[2003]
=300  \\$a1 v.
=490  0\$aNASA/TM ;$v2003-212109$5FTaSU$5FOFT$5FU
=490  0\$aAIAA ;$v2003-1304$5FTaSU
=500  \\$a"January 2003."$5FTaSU$5FOFT$5FU
=500  \\$aShipping list no.: 2003-0294-M.$5FTaSU$5FOFT$5FU
=530  \\$aAlso available via Internet from the NASA web site. Address as of 9/30/03: http://gltrs.grc.nasa.gov/reports/2003/TM-2003-212109.pdf; current access available via PURL.$5FTaSU$5FOFT$5FU
=533  \\$aMicrofiche.$b[Washington, D.C. :$cNational Aeronautics and Space Administration,$d2003]$e1 microfiche : negative.$5FTaSU
=533  \\$aMicrofiche.$b[Washington, D.C. :$cNational Aeronautics and Space Administration,$d2003]$e1 microfiche.$5FOFT$5FU
=650  \7$aElectrostatic charge.$2nasat
=650  \7$aGranular materials.$2nasat
=650  \7$aMicrogravity.$2nasat
=650  \7$aStokes Law (Fluid mechanics)$2nasat
=650  \7$aGravitational effects.$2nasat
=650  \7$aDielectrics.$2nasat
=655  \7$aelectronic book$vdocument (federal)$2local
=700  1\$aHansen, Bonnie L.
=700  1\$aMyers, Jerry G.
=710  2\$aNASA Glenn Research Center.
=830  \0$aNASA technical memorandum ;$v212109.
=856  41$uhttp://purl.access.gpo.gov/GPO/LPS36322$5FU
=856  41$uhttp://purl.access.gpo.gov/GPO/LPS36322$zAdobe Acrobat Reader required$5FTaSU$5FOFT
=951  \\$107$aCFU01:001035287;$5FOFT
=951  \\$105$aFSU01:002011017;$5FTaSU
=951  \\$108$aUFU01:002973496;$5FU

