=LDR  08757cam a2200493 a 4500
=001  020550991
=005  20120507162111.0
=008  080823s2008\\\\mauab\\\\b\\\\001\0\eng\\
=010  \\$a2008036142
=020  \\$a9781573317320
=020  \\$a1573317322
=035  \\$a(OCoLC)244695372
=040  \\$aDLC$cDLC$dBTCTA$dORE$dAGL$dC#P$dSCB$dUMC$dYDXCP$dOCLCQ$dCUD$dFHM
=050  \4$aQ11$b.N5 vol. 1146
=050  00$aQC980$b.T74 2008
=070  0\$aQC981.5$b.T74 2008
=082  00$a551.6072$222
=082  04$a551.5$222
=245  00$aTrends and directions in climate research /$cedited by Luis Gimeno, Ricardo García-Herrera, and Ricardo Machado Trigo.
=260  \\$aBoston, Mass. :$bPublished by Blackwell Pub. on behalf of the New York Academy of Sciences,$c2008.
=300  \\$axi, 375 p. :$bill., maps ;$c26 cm.
=490  1\$aAnnals of the New York Academy of Sciences,$x0077-8923 ;$vv. 1146$5FTS$5FTaFA$5FBoU
=490  1\$aAnnals of the New York Academy of Sciences ;$vv. 1146$5FOFT
=500  \\$a"This volume is the result of joint conferences, the 7th European Meteorological Society Annual Meeting and the 8th European Conference on Applications of Meteorology, held in El Escorial, Spain on October 1-5, 2007"--P. vii.$5FTS$5FTaFA$5FBoU$5FOFT
=504  \\$aIncludes bibliographical references and index.
=505  0\$aShips' logbooks in climatological research: Reflections and prospects / D. Wheeler and R. Garcia-Herrera -- Proceedings of the 8th european conference on applications of meteorology, september 2007, madrid, spain / -- The enso signal in the stratosphere / N. Calvo, R. Garcia-Herrera and R.R. Garcia -- Hemispheric asymmetries in the quasibiennial oscillation signature on the mid- to high-latitude circulation of the stratosphere / C. Pena-Ortiz ... [et al.] -- Cryosphere-atmosphere interaction related to variability and change of northern hemisphere annular mode / R. Bojariu ... [et al.] -- The role of stochastic forcing on the behavior of thermohaline circulation / M.N. Lorenzo ... [et al.] -- Are reanalysis data useful for calculating climate indices over south america? / A.S. Dufek, T. Ambrizzi and R.P. da Rocha -- Classifications of atmospheric circulation patterns: Recent advances and applications / R. Huth ... [et al.] -- $5FTS$5FOFTThe intra-americas sea low-level jet: Overview and future research / J.A. Amador -- Large-scale factors in tropical and extratropical cyclone transition and extreme weather events / A.B. Pezza and I. Simmonds -- The impact of north atlantic wind and cyclone trends on european precipitation and significant wave height in the atlantic / R.M. Trigo ... [et al.] -- A climatology based on reanalysis of baroclinic developmental regions in the extratropical northern hemisphere / L. de la Torre ... [et al.] -- Identification and climatology of cut-off lows near the tropopause / R. Nieto ... [et al.] -- The estimation of probable maximum precipitation: The case of catalonia / M.C. Casas ... [et al.] -- Daily rainfall variability over northeastern argentina in the la plata river basin / N.O. Garcia and R.A. Pedraza -- Spatio-temporal upwelling trends along the canary upwelling system (1967-2006) / M. Gomez-Gesteira ... [et al.] -- $5FTS$5FOFTImpacts of climate change and variability on european agriculture: Results of inventory analysis in cost 734 countries / S. Orlandini ... [et al.] -- Advances in urban climate modeling / J. Hidalgo ... [et al.].$5FTS$5FOFT
=505  0\$aclimate change and variability on european agriculture: Results of inventory analysis in cost 734 countries / S. Orlandini ... [et al.] -- Advances in urban climate modeling / J. Hidalgo ... [et al.].$5FTaFA
=505  0\$aShips' logbooks in climatological research: Reflections and prospects / D. Wheeler and R. Garcia-Herrera -- Proceedings of the 8th european conference on applications of meteorology, september 2007, madrid, spain / -- The enso signal in the stratosphere / N. Calvo, R. Garcia-Herrera and R.R. Garcia -- Hemispheric asymmetries in the quasibiennial oscillation signature on the mid- to high-latitude circulation of the stratosphere / C. Pena-Ortiz ... [et al.] -- Cryosphere-atmosphere interaction related to variability and change of northern hemisphere annular mode / R. Bojariu ... [et al.] -- The role of stochastic forcing on the behavior of thermohaline circulation / M.N. Lorenzo ... [et al.] -- Are reanalysis data useful for calculating climate indices over south america? / A.S. Dufek, T. Ambrizzi and R.P. da Rocha -- Classifications of atmospheric circulation patterns: Recent advances and applications / R. Huth ... [et al.] -- The intra-americas sea low-level jet: Overview and future research / J.A. Amador -- Large-scale factors in tropical and extratropical cyclone transition and extreme weather events / A.B. Pezza and I. Simmonds -- The impact of north atlantic wind and cyclone trends on european precipitation and significant wave height in the atlantic / R.M. Trigo ... [et al.] -- A climatology based on reanalysis of baroclinic developmental regions in the extratropical northern hemisphere / L. de la Torre ... [et al.] -- Identification and climatology of cut-off lows near the tropopause / R. Nieto ... [et al.] -- The estimation of probable maximum precipitation: The case of catalonia / M.C. Casas ... [et al.] -- Daily rainfall variability over northeastern argentina in the la plata river basin / N.O. Garcia and R.A. Pedraza -- Spatio-temporal upwelling trends along the canary upwelling system (1967-2006) / M. Gomez-Gesteira ... [et al.] -- Impacts of$5FTaFA$tImpacts of climate change and variability on european agriculture: Results of inventory analysis in cost 734 countries /$rS. Orlandini ... [et al.] --$tAdvances in urban climate modeling /$rJ. Hidalgo ... [et al.].$5FBoU$tThe intra-americas sea low-level jet: Overview and future research /$rJ.A. Amador --$tLarge-scale factors in tropical and extratropical cyclone transition and extreme weather events /$rA.B. Pezza and I. Simmonds --$tThe impact of north atlantic wind and cyclone trends on european precipitation and significant wave height in the atlantic /$rR.M. Trigo ... [et al.] --$tA climatology based on reanalysis of baroclinic developmental regions in the extratropical northern hemisphere /$rL. de la Torre ... [et al.] --$tIdentification and climatology of cut-off lows near the tropopause /$rR. Nieto ... [et al.] --$tThe estimation of probable maximum precipitation: The case of catalonia /$rM.C. Casas ... [et al.] --$tDaily rainfall variability over northeastern argentina in the la plata river basin /$rN.O. Garcia and R.A. Pedraza --$tSpatio-temporal upwelling trends along the canary upwelling system (1967-2006) /$rM. Gomez-Gesteira ... [et al.] --$5FBoU
=505  00$tShips' logbooks in climatological research: Reflections and prospects /$rD. Wheeler and R. Garcia-Herrera --$tProceedings of the 8th european conference on applications of meteorology, september 2007, madrid, spain /$r--$tThe enso signal in the stratosphere /$rN. Calvo, R. Garcia-Herrera and R.R. Garcia --$tHemispheric asymmetries in the quasibiennial oscillation signature on the mid- to high-latitude circulation of the stratosphere /$rC. Pena-Ortiz ... [et al.] --$tCryosphere-atmosphere interaction related to variability and change of northern hemisphere annular mode /$rR. Bojariu ... [et al.] --$tThe role of stochastic forcing on the behavior of thermohaline circulation /$rM.N. Lorenzo ... [et al.] --$tAre reanalysis data useful for calculating climate indices over south america? /$rA.S. Dufek, T. Ambrizzi and R.P. da Rocha --$tClassifications of atmospheric circulation patterns: Recent advances and applications /$rR. Huth ... [et al.] --$5FBoU
=650  \0$aClimatology$xResearch$vCongresses.
=700  1\$aGimeno, Luis.
=700  1\$aGarcía Herrera, Ricardo.
=700  1\$aTrigo, Ricardo Machado.
=710  2\$aEuropean Meteorological Society.$bMeeting$n(7th :$d2007 :$cEl Escorial, Spain)
=710  2\$aEuropean Conference on Applications of Meteorology$n(8th :$d2007 :$cEl Escorial, Spain)
=711  2\$aEuropean Conference on Applications of Meteorology$n(8th :$d2007 :$cEl Escorial, Spain)
=830  \0$aAnnals of the New York Academy of Sciences ;$vv. 1146.
=856  41$uhttp://www3.interscience.wiley.com/journal/121549894/issue$5FTS$5FTaFA
=856  41$3Table of contents only$uhttp://www.loc.gov/catdir/enhancements/fy0904/2008036142-t.html$5FTS$5FTaFA$5FOFT
=856  42$3Publisher description$uhttp://www.loc.gov/catdir/enhancements/fy0904/2008036142-d.html$5FTS$5FTaFA$5FOFT
=951  \\$101$aAMU01:000865094;$5FTaFA
=951  \\$107$aCFU01:001468966;$5FOFT
=951  \\$102$aFAU01:001809388;$5FBoU
=951  \\$110$aSFU01:002018030;$5FTS

