=LDR  01657nam a22004451  4500
=001  020557631
=005  20110318145048.0
=008  740605s1967\\\\nyu\\\\\\b\\\\000|0\eng\\
=010  \\$a   67025039 
=035  \\$a(OCoLC)00167434
=040  \\$aDLC$cDLC$dFTU
=043  \\$an-us---
=050  0\$aHG538$b.M43
=082  0\$a331.2/15
=090  \\$aHG538$b.M43
=092  \\$a650.081$bC475 no.7
=100  1\$aMeany, George,$d1894-1980.
=245  10$aGovernment wage-price guideposts in the American economy$c[by] George Meany, Roger M. Blough [and] Neil H. Jacoby.
=260  \\$a[New York]$bSchool of Commerce, New York University,$c1967.
=300  \\$axix, 82 p. ;$c21 cm.
=440  \0$aCharles C. Moskowitz memorial lectures$vno. 7$5FPeU
=440  \4$aThe Charles C. Moskowitz lectures$vno. 7$5FU
=490  1\$aThe Charles C. Moskowitz lectures, no. 7$5FTS
=490  1\$aThe Charles C. Moskowitz lectures$vno. 7$5FOFT$5FTaSU
=504  \\$aBibliographical footnotes.
=650  \0$aWages$xPrices$zUnited States.
=650  \0$aWages$zUnited States
=650  \0$aPrice regulation$zUnited States
=650  \0$aInflation (Finance)$zUnited States.
=700  1\$aJacoby, Neil H.$q(Neil Herman),$d1909-1979.
=700  1\$aJacoby, Neil Herman,$d1909-
=700  1\$aBlough, Roger Miles.
=830  \0$aCharles C. Moskowitz memorial lectures ;$vno. 7.
=830  \4$aThe Charles C. Moskowitz lectures,$vno. 7.
=951  \\$107$aCFU01:000021762;$5FOFT
=951  \\$105$aFSU01:000037992;$5FTaSU
=951  \\$109$aNFU01:000025179;$5FJUNF
=951  \\$110$aSFU01:000039351;$5FTS
=951  \\$108$aUFU01:000800528;$5FU
=951  \\$111$aWFU01:000026713;$5FPeU

