=LDR  03146cam a2200433 a 4500
=001  020565524
=005  20080312095003.0
=008  060719s2007\\\\nyu\\\\\\b\\\\001\0deng\\
=010  \\$a2006023767
=020  \\$a0820478903 (pbk. : alk. paper)
=020  \\$a9780820478906 (pbk. : alk. paper)
=035  \\$a(ALEPHNF)693415
=035  \\$a(OCoLC)70864398
=040  \\$aDLC$cDLC$dBAKER$dC#P$dYDXCP$dBTCTA$dOHX$dFUG
=050  00$aLB880.F682$bW49 2007
=082  00$a370.7/2$222
=245  00$aWhy Foucault? :$bnew directions in educational research /$cedited by Michael A. Peters & Tina (A.C.) Besley.
=260  \\$aNew York :$bPeter Lang,$cc2007.
=300  \\$aviii, 243 p. ;$c23 cm.
=490  0\$aCounterpoints, 1058-1634 ;$vv. 292$5FBoU
=490  1\$aCounterpoints ;$vv. 292$5FTaSU
=490  1\$aCounterpoints,$x1058-1634 ;$vv. 292$5FU$5FJUNF$5FTS$5FOFT$5FFmFGC
=504  \\$aIncludes bibliographical references and index.
=505  0\$aMichel Foucault : educational research as problematisation / James D. Marshall -- Freedom and discipline : transformations in pedagogic punishment / Ludwig Pongratz -- Pedagogy and self-concern in master-student relationships in antiquity / Thomas Coelen -- Foucault, truth-telling, and technologies of the self : confessional practices of the self and schools / Tina (A.C.) Besley -- Paradox of capacity and power : critical ontology and the developmental model of childhood / James Wong -- Social work as government? : a power analytical perspective / Fabian Kessl -- The "intrapreneur" and the "mother" : strategies of "fostering" and "developing" the entrepreneur of the self in organizational development and affirmative action / Susanne Maria Weber -- Thinking governmentality "from below" : social work and social movements as (collective) actors in movable/mobile orders / Susanne Maurer -- Only love for the truth can save us : truth-telling at the (world) university? / Maarten Simons and Jan Masschelein -- Foucault : the ethics of self-creation and the future of education / Kenneth Wain -- Educational research : "games of truth" and the ethics of subjectivity / Michael A. Peters -- Critically framing education policy : Foucault, discourse, and governmentality / Robert Doherty -- Invoking democracy : Foucault's conception (with insights from Hobbes) / Mark Olssen.$5FBoU$5FU$5FJUNF$5FTS$5FTaSU$5FOFT$5FFmFGC
=505  0\$aTable of contents only http://www.loc.gov/catdir/toc/ecip0618/2006023767.html$5FTS
=600  10$aFoucault, Michel,$d1926-1984.
=650  \0$aEducation$xPhilosophy.
=650  \0$aPostmodernism and education.
=700  1\$aBesley, Tina,$d1950-
=700  1\$aPeters, Michael$q(Michael A.),$d1948-
=830  \0$aCounterpoints (New York, N.Y.) ;$vv. 292.
=856  42$3Table of contents only$uhttp://www.loc.gov/catdir/toc/ecip0618/2006023767.html$5FU$5FTaSU$5FOFT$5FFmFGC
=951  \\$107$aCFU01:001376429;$5FOFT
=951  \\$102$aFAU01:001517938;$5FBoU
=951  \\$105$aFSU01:002359498;$5FTaSU
=951  \\$103$aGCU01:000384665;$5FFmFGC
=951  \\$109$aNFU01:000693415;$5FJUNF
=951  \\$110$aSFU01:001765101;$5FTS
=951  \\$108$aUFU01:003793037;$5FU

