=LDR  00928cam a2200289   4500
=001  020573539
=005  20090108120826.0
=008  710628s1970\\\\nyu\\\\\\\\\\\000\1\eng\\
=010  \\$a76025339
=035  \\$a(OCoLC)00147488
=040  \\$aDLC$cDLC$dOCL$dOCLCQ$dBTCTA$dOCLCG$dFUG
=043  \\$ae-uk-en
=050  0\$aPR6013.A5$bO8 1967
=082  0\$a823/.9/12
=090  \\$aPR6113.A5$bO5 1970
=100  1\$aGalsworthy, John,$d1867-1933.
=240  10$aSelections.$f1970
=245  10$aOn Forsyte 'change.
=260  \\$aNew York,$bScribner$cc1970.
=300  \\$a285 p.$c21 cm.
=490  1\$aThe Scribner library. Contemporary classics, SL262$5FMFIU
=490  1\$aThe Scribner library,$vSL 262$5FU
=650  \0$aForsyte family (Fictitious characters)$vFiction.
=650  \0$aFamily$zEngland$vFiction.
=830  \0$aScribner library.$pContemporary classics.
=951  \\$104$aFIU01:000023299;$5FMFIU
=951  \\$108$aUFU01:004288066;$5FU

