=LDR  01032ncm a2200277I  4500
=001  020581022
=005  20050305113143.0
=008  780324s1944\\\\nyusua\\\\\\\\\n\|\\\\\\d
=028  22$a26567$bG. Schirmer
=035  \\$a(OCoLC)03745408
=040  \\$aAFU$cAFU
=090  \\$aM48.B151$bS8 1944
=100  1\$aBach, Johann Sebastian,$d1685-1750.
=240  10$aSuites,$mvioloncello,$nBWV 1007-1012;$oarr.
=245  00$aSix suites, originally written for violoncello solo;$badapted, revised and fingered for viola,$cby Louis Svećenski.
=260  \\$aNew York,$bG. Schirmer,$cc1944,$dPl.no. 26567.
=300  \\$a53 p.$c30 cm.
=490  0\$aSchirmer's library of musical classics,$vv. 1278$5FU
=490  0\$aSchirmer's library of musical classics ;$vVol.1278$5FTaSU
=500  \\$aCover is missing.$5FTaSU
=500  \\$aIncludes explanatory remarks.$5FTaSU
=650  \0$aSuites (Viola), Arranged.
=650  \0$aViola music, Arranged.
=700  1\$aSvećenski, Louis.
=951  \\$105$aFSU01:001089712;$5FTaSU
=951  \\$108$aUFU01:002013476;$5FU

