=LDR  01912pam a2200469 a 4500
=001  020588194
=005  20090717152605.0
=008  950111s1995\\\\nyuab\\\\be\\\001\0deng\\
=010  \\$a   95002617 
=015  \\$aGB95-42295
=019  \\$a33102249
=020  \\$a0824044444
=020  \\$a0824044444 (acid-free paper)
=035  \\$a(AcBC)F00245007
=035  \\$a(OCoLC)31937909
=040  \\$aDLC$cDLC$dFTU
=043  \\$ae-fr---
=050  00$aDC33.2$b.M44 1995
=082  00$a944/.003$220
=245  00$aMedieval France :$ban encyclopedia /$cWilliam W. Kibler ... [et al.], editors.
=260  \\$aNew York :$bGarland Pub.,$c1995.
=300  \\$axxvi, 1047 p. :$bill., maps ;$c29 cm.
=490  0\$aGarland reference library of the humanities ;$vvol. 932.$aGarland encyclopedias of the Middle Ages ;$vvol. 2$5FBoU$5FOFT$5FFmFGC$5FSsNC$5FPeU$5FJUNF$5FTS$5FTaSU
=490  1\$aGarland reference library of the humanities ;$vv. 932.$aGarland encyclopedias of the Middle Ages ;$vvol. 2$5FMFIU$5FU
=504  \\$aIncludes bibliographical references and index.
=650  \0$aCivilization, Medieval$vEncyclopedias.
=651  \0$aFrance$xCivilization$xEncyclopedias.
=651  \4$aFrance$xHistory$yMedieval period, 987-1515$xEncyclopedias.
=653  0\$aFrance$aHistory
=700  1\$aKibler, William W.,$d1942-
=830  \0$aGarland reference library of the humanities.$pGarland encyclopedias of the Middle Ages ;$vv. 2.
=830  \0$aGarland reference library of the humanities ;$vvol. 932.
=951  \\$107$aCFU01:000560257;$5FOFT
=951  \\$102$aFAU01:000512741;$5FBoU
=951  \\$104$aFIU01:000617470;$5FMFIU
=951  \\$105$aFSU01:001468113;$5FTaSU
=951  \\$103$aGCU01:000097291;$5FFmFGC
=951  \\$106$aNCU01:000139800;$5FSsNC
=951  \\$109$aNFU01:000413249;$5FJUNF
=951  \\$110$aSFU01:000984036;$5FTS
=951  \\$108$aUFU01:001910938;$5FU
=951  \\$111$aWFU01:000407942;$5FPeU

