=LDR  01320nam a2200385   4500
=001  020595839
=005  20120623054400.0
=008  680301s1968\\\\nju\\\\\\b\\\\000|0\eng\\
=010  \\$a   68014462 
=019  \\$a353028
=035  \9$a(OCoLC)00438406
=040  \\$aDLC$cDLC$dFHM
=043  \\$ae-uk---
=050  0\$aPR737$b.B7
=082  0\$a822/.9/1409
=090  \\$aPR737$b.B7
=092  \\$a822.91409$bB878m
=100  1\$aBrown, John Russell,$ecomp.
=245  10$aModern British dramatists; a collection of critical essays.
=260  \\$aEnglewood Cliffs, N.J.,$bPrentice-Hall$c[1968]
=300  \\$aix, 176 p.$c21 cm.
=440  \0$aTwentieth century views$5FSsNC$5FTaFA$5FFmFGC$5FOFT$5FTS
=490  0\$aA Spectrum book$5FSsNC$5FTaFA$5FFmFGC$5FTaSU$5FU
=490  0\$aTwentieth century views$5FTaSU$5FU
=500  \\$a"A Spectrum book."$5FOFT$5FTS
=504  \\$aBibliography: p. 175-176. Bibliographical footnotes.
=650  \0$aEnglish drama$y20th century$xHistory and criticism
=650  \0$aEnglish drama$y20th century.
=951  \\$101$aAMU01:000049530;$5FTaFA
=951  \\$107$aCFU01:000054967;$5FOFT
=951  \\$105$aFSU01:000097017;$5FTaSU
=951  \\$103$aGCU01:000035631;$5FFmFGC
=951  \\$106$aNCU01:000018356;$5FSsNC
=951  \\$110$aSFU01:000108272;$5FTS
=951  \\$108$aUFU01:000808624;$5FU

