=LDR  02439cam a2200541Ka 4500
=001  020604319
=005  20081209165209.0
=008  060927s2006\\\\nyua\\\\\b\\\\000\0\eng\d
=010  \\$a2007273781
=020  \\$a9780876093641
=020  \\$a9780876093641 (pbk.)
=020  \\$a0876093640
=035  \\$a(OCoLC)71782958
=040  \\$aDBI$cDBI$dUWC$dBAKER
=042  \\$alccopycat
=043  \\$an-us---
=050  00$aKF1575$b.L37 2006
=090  \\$aHG4910$b.L37 2006
=100  1\$aLarson, Alan P.
=245  10$aForeign investment and national security :$bgetting the balance right /$cAlan P. Larson, David M. Marchik.
=260  \\$aNew York :$bCouncil on Foreign Relations,$cc2006.
=300  \\$avii, 38 p. :$b1 ill. ;$c28 cm.
=440  \0$aCSR ;$vno. 18.$5FOFT
=440  \0$aBernard and Irene Schwartz series on American competitiveness$5FU$5FOFT
=440  \4$aThe Bernard and Irene Schwartz series on American competitiveness$5FMFIU
=490  0\$aBernard and Irene Schwartz series on American competitiveness$5FBoU
=490  0\$aCSR ;$vno. 18.$5FBoU$5FU$5FMFIU
=500  \\$a"Produced by the Council's Maurice R. Greenberg Center for Geoeconomic Studies"--P. v.$5FMFIU
=500  \\$a"July 2006."$5FBoU$5FU$5FOFT$5FMFIU
=500  \\$a"Produced by the Council's Maurice R. Greenberg Center for Geoeconomic Studies" -- v.$5FBoU$5FU$5FOFT
=504  \\$aIncludes bibliographical references.
=530  \\$aAlso available via the World Wide Web.$5FMFIU
=610  20$aCommittee on Foreign Investment in the United States.
=650  \0$aCorporations, Foreign$xLaw and legislation$zUnited States.
=650  \0$aNational security$xLaw and legislation$zUnited States.
=650  \0$aNational security$xEconomic aspects$zUnited States.
=650  \0$aInvestments, Foreign$xLaw and legislation$zUnited States.
=650  \0$aCorporations, Foreign$xGovernment policy$zUnited States.
=650  \0$aInvestments, Foreign$xGovernment policy$zUnited States.
=700  1\$aMarchik, David M.
=710  2\$aCouncil on Foreign Relations.
=710  2\$aCouncil on Foreign Relations.$bMaurice R. Greenberg Center for Geoeconomic Studies.
=830  \0$aCSR (New York, N.Y.) ;$vno. 18
=856  40$uhttp://www.cfr.org/content/publications/attachments/CFIUSreport.pdf$5FMFIU
=951  \\$107$aCFU01:001393472;$5FOFT
=951  \\$102$aFAU01:001519419;$5FBoU
=951  \\$104$aFIU01:001329053;$5FMFIU
=951  \\$108$aUFU01:003876092;$5FU

