=LDR  14482ccm a2200481Ia 4500
=001  020614023
=005  20120611092817.0
=008  110114s2011\\\\wiumum\\\bhi\\\n\\\\eng\d
=020  \\$a9780895796875
=020  \\$a0895796872
=035  \\$a(OCoLC)696781705
=040  \\$aCPL$cCPL$dBCO
=043  \\$an-us---
=047  \\$asg$afm$ahy
=050  \4$aM2.3.U6$bR4 vol. 71
=245  04$aThe Ingalls Wilder family songbook /$cedited by Dale Cockrell.
=260  \\$aMiddleton, Wis. :$bPublished for the American Musicological Society by A-R Editions,$cc2011.
=300  \\$a1 score (l, 425 p., 2 p. of plates) :$bports. ;$c31 cm.
=490  1\$aRecent researches in American music,$x0147-0078 ;$vv. 71$5FU$5FTaSU$5FMFIU$5FJUNF$5FOFT
=490  1\$aMusic of the United States of America ;$vv. 22$5FU$5FTaSU$5FMFIU$5FJUNF$5FOFT
=500  \\$aReconstruction of a family songbook, based on the music played and sung in Laura Ingalls Wilder's Little house books.$5FU$5FTaSU$5FMFIU$5FJUNF$5FOFT
=500  \\$aPrincipally for voice and piano, chorus (principally SATB) and piano or unacc.; in part unacc. melodies.$5FU$5FTaSU$5FMFIU$5FJUNF$5FOFT
=500  \\$aIncludes introduction (Writing the great American family songbook) and critical report.$5FU$5FTaSU$5FMFIU$5FJUNF$5FOFT
=504  \\$aIncludes bibliographical references (p. 405-411) and index.
=505  0\$aFrom the oral tradition. Children's songs. Billy boy ; Bye, baby bunting ; Pease porridge hot ; Pop goes the weasel ; Ring around the roses ; Sing a song of sixpence ; Uncle John ; Weevily wheat ; Fiddle tunes. The Arkansas traveler ; The Campbells are coming ; The devil's dream ; The girl I left behind me ; Haste to the wedding ; Highland fling ; The Irish washerwoman ; Life let us cherish ; Money musk ; Polly put the kettle on ; The red heifer ; Folk songs. Barbara Allen ; Green grows the laurel ; Let the toast pass ; Mary of the wild moor ; Nobody ask'd you ; Old Grimes ; The railroader ; Roll the old chariot along ; The tread-mill -- From published sources. Concert/theater songs. The big sunflower ; De boatmen's dance ; Buffalo gals ; Buy a broom! ; Camptown races ; Captain Jinks ; Come in and shut the door ; Darling Nelly Gray ; Dixie's Land ; Down in Alabam ; De floating scow of old Virginia ; The gipsy king ; The gum tree canoe ; Home! sweet home! ; I wish I were single again ; Keep the horseshoe over the door ; Kitty Wells ;$5FU
=505  0\$aA life on the ocean wave ; Little Annie Rooney ; The May queen part second : New Year's Eve ; Mistress Jinks of Madison Square ; A motto for every man ; My old Kentucky home, good night ; Nelly was a lady ; The new year's come ; Oh! boys, carry me 'long ; Old Dan Tucker ; Old folks at home ; Old John Brown ; Paddle your own canoe ; Roll on silver moon ; Skidmore Guard ; Susanna ; 'Twill nebber do to gib it up so! ; Uncle Ned ; Uncle Sam's farm ; Wait for the wagon ; Where there's a will there's a way ; Hymns/Sunday school songs. Am I a soldier of the cross? ; Canaan ; Doxology ; The evergreen shore ; Gentle words and loving smiles ; The good old way ; The happy land ; The home of the soul ; Jerusalem, the golden ; Jesus holds my hand ; Lend a helping hand ; Merry, merry Christmas! ; Mountain of the Lord ; My Sabbath home ; The ninety and nine ; On Jordan's stormy banks ; Pull for the shore ; Rock of ages ; A shelter in the time of storm ; The star of Bethlehem ; Sweet by and by ; What shall the harvest be? ;$5FU
=505  0\$aWhen I can read my title clear ; Parlor songs. The battle cry of freedom ; The beacon-light of home ; Ben Bolt ; Beware! ; The blue Juniata ; Daisy Deane ; The gipsie's warning ; Golden years are passing by ; In dreamland far away ; In the starlight ; Jingle bells ; Lilly Dale ; Love's old sweet song ; Marching through Georgia ; The old time ; Polly-wolly-doodle ; Rock me to sleep, mother ; The singin skewl ; When Johnny comes marching home ; The whip-poor-will's song ; Scottish/Irish songs. All the blue bonnets ; Auld lang syne ; Bonny Doon ; Comin' thro' the rye ; Highland Mary ; My heart is sair for somebody ; Oft in the stilly night ; O whistle and I'll come to you ; Singing school music. Gaily now our boat is sailing ; Great is the Lord ; The heavens declare the glory ; The song of the grass ; Three blind mice ; We are all here ; Songs of the nation. America ; Hail Columbia ; The star spangled banner ; Yankee Doodle.$5FU
=505  00$gFrom the oral tradition. Children's songs.$tBilly boy ;$tBye, baby bunting ;$tPease porridge hot ;$tPop goes the weasel ;$tRing around the roses ;$tSing a song of sixpence ;$tUncle John ;$tWeevily wheat ;$gFiddle tunes.$tThe Arkansas traveler ;$tThe Campbells are coming ;$tThe devil's dream ;$tThe girl I left behind me ;$tHaste to the wedding ;$tHighland fling ;$tThe Irish washerwoman ;$tLife let us cherish ;$tMoney musk ;$tPolly put the kettle on ;$tThe red heifer ;$gFolk songs.$tBarbara Allen ;$tGreen grows the laurel ;$tLet the toast pass ;$tMary of the wild moor ;$tNobody ask'd you ;$tOld Grimes ;$tThe railroader ;$tRoll the old chariot along ;$tThe tread-mill --$gFrom published sources. Concert/theater songs.$tThe big sunflower ;$tDe boatmen's dance ;$tBuffalo gals ;$tBuy a broom! ;$tCamptown races ;$tCaptain Jinks ;$tCome in and shut the door ;$tDarling Nelly Gray ;$tDixie's Land ;$tDown in Alabam ;$tDe floating scow of old Virginia ;$tThe gipsy king ;$tThe gum tree canoe ;$tHome! sweet home! ;$tI wish I were single again ;$tKeep the horseshoe over the door ;$tKitty Wells ;$tA life on the ocean wave ;$tLittle Annie Rooney ;$tThe May queen part second :$tNew Year's Eve ;$tMistress Jinks of Madison Square ;$tA motto for every man ;$tMy old Kentucky home, good night ;$tNelly was a lady ;$tThe new year's come ;$tOh! boys, carry me 'long ;$tOld Dan Tucker ;$tOld folks at home ;$tOld John Brown ;$tPaddle your own canoe ;$tRoll on silver moon ;$tSkidmore Guard ;$tSusanna ;$t'Twill nebber do to gib it up so! ;$tUncle Ned ;$tUncle Sam's farm ;$tWait for the wagon ;$tWhere there's a will there's a way --$5FTaSU
=505  00$gHymns/Sunday school songs.$tAm I a soldier of the cross? ;$tCanaan ;$tDoxology ;$tThe evergreen shore ;$tGentle words and loving smiles ;$tThe good old way ;$tThe happy land ;$tThe home of the soul ;$tJerusalem, the golden ;$tJesus holds my hand ;$tLend a helping hand ;$tMerry, merry Christmas! ;$tMountain of the Lord ;$tMy Sabbath home ;$tThe ninety and nine ;$tOn Jordan's stormy banks ;$tPull for the shore ;$tRock of ages ;$tA shelter in the time of storm ;$tThe star of Bethlehem ;$tSweet by and by ;$tWhat shall the harvest be? ;$tWhen I can read my title clear --$gParlor songs.$tThe battle cry of freedom ;$tThe beacon-light of home ;$tBen Bolt ;$tBeware! ;$tThe blue Juniata ;$tDaisy Deane ;$tThe gipsie's warning ;$tGolden years are passing by ;$tIn dreamland far away ;$tIn the starlight ;$tJingle bells ;$tLilly Dale ;$tLove's old sweet song ;$tMarching through Georgia ;$tThe old time ;$tPolly-wolly-doodle ;$tRock me to sleep, mother ;$tThe singin skewl ;$tWhen Johnny comes marching home ;$tThe whip-poor-will's song ;$gScottish/Irish songs.$tAll the blue bonnets ;$tAuld lang syne ;$tBonny Doon ;$tComin' thro' the rye ;$tHighland Mary ;$tMy heart is sair for somebody ;$tOft in the stilly night ;$tO whistle and I'll come to you ;$gSinging school music.$tGaily now our boat is sailing ;$tGreat is the Lord ;$tThe heavens declare the glory ;$tThe song of the grass ;$tThree blind mice ;$tWe are all here --$gSongs of the nation.$tAmerica ;$tHail Columbia ;$tThe star spangled banner ;$tYankee Doodle.$5FTaSU$tO whistle and I'll come to you ;$gSinging school music.$tGaily now our boat is sailing ;$tGreat is the Lord ;$tThe heavens declare the glory ;$tThe song of the grass ;$tThree blind mice ;$tWe are all here ;$gSongs of the nation.$tAmerica ;$tHail Columbia ;$tThe star spangled banner ;$tYankee Doodle.$5FMFIU$tMerry, merry Christmas! ;$tMountain of the Lord ;$tMy Sabbath home ;$tThe ninety and nine ;$tOn Jordan's stormy banks ;$tPull for the shore ;$tRock of ages ;$tA shelter in the time of storm ;$tThe star of Bethlehem ;$tSweet by and by ;$tWhat shall the harvest be? ;$tWhen I can read my title clear ;$gParlor songs.$tThe battle cry of freedom ;$tThe beacon-light of home ;$tBen Bolt ;$tBeware! ;$tThe blue Juniata ;$tDaisy Deane ;$tThe gipsie's warning ;$tGolden years are passing by ;$tIn dreamland far away ;$tIn the starlight ;$tJingle bells ;$tLilly Dale ;$tLove's old sweet song ;$tMarching through Georgia ;$tThe old time ;$tPolly-wolly-doodle ;$tRock me to sleep, mother ;$tThe singin skewl ;$tWhen Johnny comes marching home ;$tThe whip-poor-will's song ;$gScottish/Irish songs.$tAll the blue bonnets ;$tAuld lang syne ;$tBonny Doon ;$tComin' thro' the rye ;$tHighland Mary ;$tMy heart is sair for somebody ;$tOft in the stilly night ;$5FMFIU$tThe gipsy king ;$tThe gum tree canoe ;$tHome! sweet home! ;$tI wish I were single again ;$tKeep the horseshoe over the door ;$tKitty Wells ;$tA life on the ocean wave ;$tLittle Annie Rooney ;$tThe May queen part second :$tNew Year's Eve ;$tMistress Jinks of Madison Square ;$tA motto for every man ;$tMy old Kentucky home, good night ;$tNelly was a lady ;$tThe new year's come ;$tOh! boys, carry me 'long ;$tOld Dan Tucker ;$tOld folks at home ;$tOld John Brown ;$tPaddle your own canoe ;$tRoll on silver moon ;$tSkidmore Guard ;$tSusanna ;$t'Twill nebber do to gib it up so! ;$tUncle Ned ;$tUncle Sam's farm ;$tWait for the wagon ;$tWhere there's a will there's a way ;$gHymns/Sunday school songs.$tAm I a soldier of the cross? ;$tCanaan ;$tDoxology ;$tThe evergreen shore ;$tGentle words and loving smiles ;$tThe good old way ;$tThe happy land ;$tThe home of the soul ;$tJerusalem, the golden ;$tJesus holds my hand ;$tLend a helping hand ;$5FMFIU
=505  00$gFrom the oral tradition. Children's songs.$tBilly boy ;$tBye, baby bunting ;$tPease porridge hot ;$tPop goes the weasel ;$tRing around the roses ;$tSing a song of sixpence ;$tUncle John ;$tWeevily wheat ;$gFiddle tunes.$tThe Arkansas traveler ;$tThe Campbells are coming ;$tThe devil's dream ;$tThe girl I left behind me ;$tHaste to the wedding ;$tHighland fling ;$tThe Irish washerwoman ;$tLife let us cherish ;$tMoney musk ;$tPolly put the kettle on ;$tThe red heifer ;$gFolk songs.$tBarbara Allen ;$tGreen grows the laurel ;$tLet the toast pass ;$tMary of the wild moor ;$tNobody ask'd you ;$tOld Grimes ;$tThe railroader ;$tRoll the old chariot along ;$tThe tread-mill --$gFrom published sources. Concert/theater songs.$tThe big sunflower ;$tDe boatmen's dance ;$tBuffalo gals ;$tBuy a broom! ;$tCamptown races ;$tCaptain Jinks ;$tCome in and shut the door ;$tDarling Nelly Gray ;$tDixie's Land ;$tDown in Alabam ;$tDe floating scow of old Virginia ;$5FMFIU
=505  00$tWhen I can read my title clear ;$gParlor songs.$tThe battle cry of freedom ;$tThe beacon-light of home ;$tBen Bolt ;$tBeware! ;$tThe blue Juniata ;$tDaisy Deane ;$tThe gipsie's warning ;$tGolden years are passing by ;$tIn dreamland far away ;$tIn the starlight ;$tJingle bells ;$tLilly Dale ;$tLove's old sweet song ;$tMarching through Georgia ;$tThe old time ;$tPolly-wolly-doodle ;$tRock me to sleep, mother ;$tThe singin skewl ;$tWhen Johnny comes marching home ;$tThe whip-poor-will's song ;$gScottish/Irish songs.$tAll the blue bonnets ;$tAuld lang syne ;$tBonny Doon ;$tComin' thro' the rye ;$tHighland Mary ;$tMy heart is sair for somebody ;$tOft in the stilly night ;$tO whistle and I'll come to you ;$gSinging school music.$tGaily now our boat is sailing ;$tGreat is the Lord ;$tThe heavens declare the glory ;$tThe song of the grass ;$tThree blind mice ;$tWe are all here ;$gSongs of the nation.$tAmerica ;$tHail Columbia ;$tThe star spangled banner ;$tYankee Doodle.$5FJUNF$5FOFT
=505  00$tA life on the ocean wave ;$tLittle Annie Rooney ;$tThe May queen part second :$tNew Year's Eve ;$tMistress Jinks of Madison Square ;$tA motto for every man ;$tMy old Kentucky home, good night ;$tNelly was a lady ;$tThe new year's come ;$tOh! boys, carry me 'long ;$tOld Dan Tucker ;$tOld folks at home ;$tOld John Brown ;$tPaddle your own canoe ;$tRoll on silver moon ;$tSkidmore Guard ;$tSusanna ;$t'Twill nebber do to gib it up so! ;$tUncle Ned ;$tUncle Sam's farm ;$tWait for the wagon ;$tWhere there's a will there's a way ;$gHymns/Sunday school songs.$tAm I a soldier of the cross? ;$tCanaan ;$tDoxology ;$tThe evergreen shore ;$tGentle words and loving smiles ;$tThe good old way ;$tThe happy land ;$tThe home of the soul ;$tJerusalem, the golden ;$tJesus holds my hand ;$tLend a helping hand ;$tMerry, merry Christmas! ;$tMountain of the Lord ;$tMy Sabbath home ;$tThe ninety and nine ;$tOn Jordan's stormy banks ;$tPull for the shore ;$tRock of ages ;$tA shelter in the time of storm ;$tThe star of Bethlehem ;$tSweet by and by ;$tWhat shall the harvest be? ;$5FJUNF$5FOFT
=505  00$gFrom the oral tradition. Children's songs.$tBilly boy ;$tBye, baby bunting ;$tPease porridge hot ;$tPop goes the weasel ;$tRing around the roses ;$tSing a song of sixpence ;$tUncle John ;$tWeevily wheat ;$gFiddle tunes.$tThe Arkansas traveler ;$tThe Campbells are coming ;$tThe devil's dream ;$tThe girl I left behind me ;$tHaste to the wedding ;$tHighland fling ;$tThe Irish washerwoman ;$tLife let us cherish ;$tMoney musk ;$tPolly put the kettle on ;$tThe red heifer ;$gFolk songs.$tBarbara Allen ;$tGreen grows the laurel ;$tLet the toast pass ;$tMary of the wild moor ;$tNobody ask'd you ;$tOld Grimes ;$tThe railroader ;$tRoll the old chariot along ;$tThe tread-mill --$gFrom published sources. Concert/theater songs.$tThe big sunflower ;$tDe boatmen's dance ;$tBuffalo gals ;$tBuy a broom! ;$tCamptown races ;$tCaptain Jinks ;$tCome in and shut the door ;$tDarling Nelly Gray ;$tDixie's Land ;$tDown in Alabam ;$tDe floating scow of old Virginia ;$tThe gipsy king ;$tThe gum tree canoe ;$tHome! sweet home! ;$tI wish I were single again ;$tKeep the horseshoe over the door ;$tKitty Wells ;$5FJUNF$5FOFT
=650  \0$aSongbooks, English$zUnited States.
=700  1\$aWilder, Laura Ingalls,$d1867-1957.
=700  1\$aCockrell, Dale.$4edt
=830  \0$aRecent researches in American music ;$vv. 71.
=830  \0$aMusic of the United States of America ;$v22.
=951  \\$107$aCFU01:002013155;$5FOFT
=951  \\$104$aFIU01:001637005;$5FMFIU
=951  \\$105$aFSU01:003078575;$5FTaSU
=951  \\$109$aNFU01:000771706;$5FJUNF
=951  \\$108$aUFU01:005022688;$5FU

