=LDR  01705nam a2200481I  4500
=001  020623220
=005  20120918081507.0
=008  721026c19561929miu\\\\\\b\\\\001|0\eng\d
=010  \\$a   57001007 
=035  \9$a(OCoLC)00478304
=040  \\$cWSU$dFTU
=050  \\$aF272$b.C89 1956
=082  00$a975
=090  \\$aF212$b.C67 1956
=090  \\$aF272$b.C892 1956
=090  \\$a0060429
=090  \\$aF272$b.C7
=092  0\$a975$bC891s 1929
=100  1\$aCrane, Verner W.,$d1889-1974.
=245  14$aThe southern frontier, 1670-1732.
=260  \\$a[Ann Arbor]$bUniversity of Michigan Press$c[1956, c1929]
=300  \\$a359 p.
=440  \0$aAnn Arbor books ;$vAA4$5FOFT$5FTS
=490  0\$aAnn Arbor books,$vAA4$5FSsNC
=490  0\$aAnn Arbor books, AA4$5FPeU$5FJUNF$5FMFIU$5FBoU$5FTaSU$5FU
=504  \\$aIncludes bibliographical references and index.
=590  \\$aReprinted 1964.$5FJUNF
=650  \0$aIndians of North America$xCommerce
=650  \0$aIndians of North America$zSouthern States$xWars$y1600-1750.
=650  \0$aIndians of North America$zSouthern States$xCommerce.
=651  \0$aGreat Britain$xColonies$zAmerica
=651  \0$aSouth Carolina$xHistory$yColonial period, ca. 1600-1775
=651  \0$aSouthern States$xHistory$yColonial period, ca. 1600-1775
=899  \0$aJ. Floyd Monk collection.$5FMFIU
=951  \\$107$aCFU01:000058231;$5FOFT
=951  \\$102$aFAU01:000079081;$5FBoU
=951  \\$104$aFIU01:000070641;$5FMFIU
=951  \\$105$aFSU01:000103601;$5FTaSU
=951  \\$106$aNCU01:000019236;$5FSsNC
=951  \\$109$aNFU01:000066490;$5FJUNF
=951  \\$110$aSFU01:000114539;$5FTS
=951  \\$108$aUFU01:000723237;$5FU
=951  \\$111$aWFU01:000071309;$5FPeU

