=LDR  01706nam a2200517I  4500
=001  020632922
=005  20100219171327.0
=008  711221s1962\\\\nyu\\\\\\\\\\\000|0\eng\u
=019  \\$a17103578$a23846817
=020  \\$a0393001717
=035  \\$a(OCoLC)00185376
=035  \\$a000026405
=040  \\$aCollege of Wooster Lib
=041  1\$aeng
=060  00$aWS 105$bP579f 1962
=090  \\$aBF721$b.P452 1962
=090  \\$aBF721$b.P47413 1962
=092  \\$a155.4$bP57p
=100  1\$aPiaget, Jean,$d1896-1980.
=240  10$aFormation du symbole.$lEnglish
=245  10$aPlay, dreams, and imitation in childhood.$cTranslated by C. Gattegno and F. M. Hodgson.
=260  \\$aNew York,$bNorton$c[1962]
=300  \\$aix, 296 p. ;$c22 cm.
=490  0\$aThe Norton library, N171$5FTaSU
=490  0\$aThe Norton library$5FFmFGC
=500  \\$aTranslation of La Formation du symbole.$5FPeU$5FOFT$5FBoU$5FMFIU$5FTaSU$5FTS$5FU
=500  \\$aTranslation of La formation du symbole chez l'enfant.$5FFmFGC
=650  \0$aChild development.
=650  \0$aImitation.
=650  \0$aPlay.
=650  \0$aSymbolism.
=650  \0$aImitation in children.
=650  \0$aPlay$xPsychological aspects.
=650  \0$aSymbolism (Psychology) in children.
=650  \0$aChild psychology.
=650  \2$aCognition.
=650  \2$aImitative Behavior.
=650  \2$aPlay and Playthings.
=951  \\$107$aCFU01:000024692;$5FOFT
=951  \\$102$aFAU01:000033684;$5FBoU
=951  \\$104$aFIU01:000031192;$5FMFIU
=951  \\$105$aFSU01:000042407;$5FTaSU
=951  \\$103$aGCU01:000026323;$5FFmFGC
=951  \\$110$aSFU01:000044943;$5FTS
=951  \\$108$aUFU01:000026405;$5FU
=951  \\$111$aWFU01:000029981;$5FPeU

