=LDR  01469nam a22004211  4500
=001  020642713
=005  20110315154855.0
=008  721116r19571930miu\\\\\\\\\\s000\0\engm\
=010  \\$a   57004682 
=035  \9$a(OCoLC)00497098
=040  \\$cCarP
=050  0\$aJA41$b.B3 1957
=082  0\$a320.4
=090  \\$aJA41$b.B3 1957
=092  \\$a320.4$bB255ch 1957
=100  1\$aBarker, Ernest,$cSir,$d1874-1960.
=240  10$aChurch, state, and study.
=245  10$aChurch, state, and education.
=250  \\$a1st American ed.
=260  \\$a[Ann Arbor]$bUniversity of Michigan Press$c[1957]
=300  \\$a217 p.$c21 cm.
=440  \0$aAnn Arbor paperbacks,$vAA10$5FOFT
=490  0\$aAnn Arbor paperbacks, AA10$5FSsNC$5FPeU$5FBoU$5FTS
=490  0\$aAnn Arbor paperbacks,$vAA10$5FJUNF$5FTaSU
=500  \\$aFirst published in London in 1930 under title: Church, state, and study.$5FJUNF$5FTaSU$5FOFT
=590  \\$aThis item is part of the Walter and Dorothy Donnelly collection.$5FOFT
=650  \0$aChurch and state
=650  \0$aPolitical science
=650  \0$aEducation
=899  \0$aWalter and Dorothy Donnelly collection.$5FOFT
=951  \\$107$aCFU01:000952311;$5FOFT
=951  \\$102$aFAU01:000081739;$5FBoU
=951  \\$105$aFSU01:000637141;$5FTaSU
=951  \\$106$aNCU01:000019865;$5FSsNC
=951  \\$109$aNFU01:000068803;$5FJUNF
=951  \\$110$aSFU01:000118284;$5FTS
=951  \\$108$aUFU01:000724086;$5FU
=951  \\$111$aWFU01:000073640;$5FPeU

