=LDR  02002nam a2200457I  4500
=001  020651258
=005  20040706150538.0
=008  720104s1970\\\\ncuh\\\\\\\\\\000|0\spam\
=010  \\$a   72635164 
=035  \\$a(OCoLC)00190317
=040  \\$cKSU$dFNP
=043  \\$aa------
=050  \\$aPC13$b.N67 no. 90
=050  00$aPA8310.C6$bH59 1970
=050  ?\$aPA8310.C6$bH59
=090  \\$aPC13$b.N67 no. 90
=092  \\$a879C7$bOSPn
=100  1\$aColonne, Guido delle,$d13th cent.
=245  13$aLa coronica troyana; :$ba medieval Spanish translation of Guido de Colonna's Historia destructionis Troiae. /$cEdition, studies, notes, and glossary by Frank Pelletier Norris, II.
=260  \\$aChapel Hill, :$bUniversity of North Carolina Press,$c[1970].
=300  \\$a176 p. :$bfacsim. ;$c24 cm.
=440  \0$aStudies in the Romance languages and literatures,$vno. 90$5FPeU$5FU$5FOFT
=440  \0$aUniversity of North Carolina studies in the Romance languages and literatures,$vno. 90$5FTS
=490  0\$aNorth Carolina. University. Studies in the Romance languages and literatures. no.90$5FTaSU
=490  1\$aStudies in the Romance languages and literatures, no. 90$5FJUNF$5FBoU
=500  \\$aThe text is that of the Escorial MS. L. III. 16.$5FJUNF$5FTaSU$5FU$5FOFT
=500  \\$aThe text is that of the Escorial MS. L. II. 16.$5FPeU$5FTS
=650  \0$aRomances, Latin (Medieval and modern)$vTranslations into Spanish.
=650  \0$aTrojan War$vRomances.
=650  \0$aTrojan War$vLegends.
=651  \0$aTroy (Extinct city)$xRomances.
=651  \0$aTroy (Extinct city)$xLegends.
=700  1\$aNorris, Frank Pelletier,$d1938-$eed.
=830  \0$aStudies in the Romance languages and literatures,$vno. 90
=951  \\$107$aCFU01:000769096;$5FOFT
=951  \\$102$aFAU01:000034917;$5FBoU
=951  \\$105$aFSU01:000043615;$5FTaSU
=951  \\$109$aNFU01:000029004;$5FJUNF
=951  \\$110$aSFU01:000046722;$5FTS
=951  \\$108$aUFU01:001649242;$5FU
=951  \\$111$aWFU01:000030868;$5FPeU

