=LDR  01172cam a2200301Ia 4500
=001  020659488
=005  20090915105831.0
=008  080926s2007\\\\bo\b\\\\\s\\\f000\0\spa\d
=035  \\$a(OCoLC)321039831
=040  \\$aHLS$cHLS$dOCL
=043  \\$as-bo---
=050  \4$aHN274$b.C358 2007
=245  10$aCaracterísticas socio económicas de los municipios de Bolivia /$c[responsable, Jorge M. Guzmán, Rubín de Celis].
=250  \\$a1. ed.
=260  \\$aLa Paz :$bMinisterio de la Presidencia :$bViceministerio de Descentralización,$c2007.
=300  \\$a55 p. :$bmaps ;$c21 x 20 cm.
=490  1\$aEvolución y estado de la descentralización ;$v4$5FU
=490  1\$aCollección de cartillas sobre$5FU
=500  \\$aCover title.$5FU
=651  \0$aBolivia$xSocial conditions$y1982-$vStatistics.
=651  \0$aBolivia$xEconomic conditions$y1982-$vStatistics.
=650  \0$aCities and towns$zBolivia$vStatistics.
=700  1\$aGuzmán, Jorge M.
=700  1\$aCelis, Rubín de.
=710  1\$aBolivia.$bMinisterio de la Presidencia.
=830  \0$aEvolución y estado de la descentralización ;$v4.
=830  \0$aCollección de cartillas sobre.
=951  \\$108$aUFU01:004572505;$5FU

