=LDR  01783cam a2200397I  4500
=001  020663447
=005  20070821153554.0
=008  711123c19621961nyuab\\\\b\\\\001|0\engmu
=019  \\$a1510172
=020  \\$a0061310794
=035  \\$a(OCoLC)00174691
=040  \\$cCSU$dm.c.$dOCL$dFXG
=041  1\$aeng$hfre
=043  \\$ae-uk-en
=090  \\$aHC254.5$b.M33 1962
=100  1\$aMantoux, Paul,$d1877-1956.
=245  14$aThe industrial revolution in the eighteenth century;$ban outline of the beginnings of the modern factory system in England.$cPreface by T. S. Ashton. [Translated from the French by Marjorie Vernon]
=250  \\$a[Rev. ed.]
=260  \\$aNew York,$bHarper & Row$c[1962, c1961]
=300  \\$a528 p.$billus., maps.$c21 cm.
=440  \0$aHarper torchbooks ;$vTB 1079$5FOFT
=490  0\$aHarper torchbooks: The Academy library, TB 1079$5FJUNF
=490  1\$aHarper torchbooks,$vTB1079.$aThe Academy library$5FMFIU
=500  \\$a"First edition ... translated ... and published in Great Britain in 1928. The revised edition was published in 1961 by Jonathan Cape Ltd., London and the Macmillan Company, New York, and is here reprinted."--Verso t.p.$5FMFIU
=500  \\$aIncludes index.$5FMFIU
=500  \\$aTranslation of: La Révolution industrielle au XVIIIe siècle.$5FMFIU
=500  \\$aTranslated from the French by Marjorie Vernon.$5FOFT
=504  \\$aBibliography: p. 478-516.
=650  \0$aIndustries$zEngland$xHistory.
=650  \0$aIndustries$zGreat Britain$xHistory.
=651  \0$aEngland$xEconomic conditions$y18th century.
=651  \0$aGreat Britain$xEconomic conditions
=830  \0$aHarper torchbooks.$pAcademy library.
=951  \\$107$aCFU01:000111323;$5FOFT
=951  \\$104$aFIU01:000029395;$5FMFIU
=951  \\$109$aNFU01:000026472;$5FJUNF

