=LDR  01688nam a2200421I  4500
=001  020667473
=005  20100204134145.0
=008  720110s1943\\\\nyu\\\\\\b\\\\000|0\engm\
=010  \\$a   43017259 
=019  \\$a836894
=035  \\$a(OCoLC)00193425
=040  \\$aOhio Univ Lib
=050  0\$aBF173$b.S44
=082  0\$a131.3462
=090  \\$aBF173$b.S44
=096  \\$aWM 460 S439s 1943
=100  1\$aSears, Robert R.$q(Robert Richardson)
=245  10$aSurvey of objective studies of psychoanalytic concepts,$ba report prepared for the Committee on social adjustment$cby Robert R. Sears.
=260  \\$aNew York,$bSocial science research council$c[1943]
=300  \\$axiv, 156 p. ;$c23 cm.
=410  20$aSocial Science Research Council (U.S.).$tBulletin$v51$5FBoU
=440  \0$aBulletin (Social science research council (U.S.)),$v51$5FPeU
=490  0\$a[Social science research council] Bulletin$v51, 1943$5FTaFA$5FU$5FTaSU
=490  1\$aSocial Science Research Council (U.S.). Bulletin 1943$v51$5FMFIU
=490  1\$aSocial Science Research Council (U.S.). Bulletin$v51, 1943$5FJUNF
=490  1\$aBulletin$v51$5FOFT
=504  \\$aBibliography: p. 144-152.
=650  \0$aPsychoanalysis.
=710  2\$aSocial Science Research Council (U.S.).$bCommittee on Social Adjustment.
=830  \0$aBulletin (Social Science Research Council (U.S.)),$v51.
=951  \\$101$aAMU01:000027398;$5FTaFA
=951  \\$107$aCFU01:000086210;$5FOFT
=951  \\$102$aFAU01:000113562;$5FBoU
=951  \\$104$aFIU01:000032599;$5FMFIU
=951  \\$105$aFSU01:000726184;$5FTaSU
=951  \\$109$aNFU01:000029570;$5FJUNF
=951  \\$108$aUFU01:000553349;$5FU
=951  \\$111$aWFU01:000031501;$5FPeU

