=LDR  02775cas a2200457 a 4500
=001  020671349
=005  20131014123142.0
=006  m\\\\|\\\d\|\\\\\\
=007  cr||n||||||||n
=008  830314d18791891iluwr\nes\\\\\0\\\a0eng\\
=019  \\$a10459583
=035  \\$a(MiFhGG)galncnp000375
=035  \\$a(OCoLC)192107567
=040  \\$aDLC$cDLC$dNPV$dOCL$dNPX$dNPY$dUNP$dNPT$dUNP$dDLC$dNPV$dNVF$dCRL$dNVF$dCVF$dTGN$dNVF$dThomson Gale
=042  \\$alcd
=043  \\$an-us-il
=245  00$aWeekly Inter Ocean$h[electronic resource].
=246  33$aThe Weekly Inter Ocean
=260  \\$aChicago, IL,$c1879-1891.
=490  1\$a19th century U.S. newspapers$5FU
=490  1\$aNineteenth century U.S. newspapers$5FU
=500  \\$aReproduction of original from Wisconsin Historical Society.$5FU
=515  \\$aIssues for <Apr. 12, 1877>-July 14, 1891 called also whole no. <263>-978.$5FU
=533  \\$aElectronic reproduction.$bFarmington Hills, Mich. :$cThomson Gale,$d2006.$nAvailable via the World Wide Web.$nAccess limited by licensing agreements.$7s2006 miunns$5FU
=580  \\$aDaily eds.: Inter ocean (Chicago, Ill. : 1872), 1874-1879, and: Daily inter ocean (Chicago, Ill.), 1879-1902, and: Inter ocean (Chicago, Ill. : 1902), 1902-1907.
=580  \\$aSemiweekly ed.: Semi-weekly inter ocean, <1875-1893>.
=590  \\$aImages from the source libraries are selected or scattered issues as well as various editions of the cataloged newspaper title and related titles (where indicated in the MARC record) as representative of the general publishing history of the newspaper during the nineteenth century.$5FU
=651  \0$aChicago (Ill.)$vNewspapers.
=651  \0$aCook County (Ill.)$vNewspapers.
=776  1\$tWeekly Inter Ocean$w(DLC)sn 82016390
=752  \\$aUnited States$bIllinois$cCook$dChicago.
=775  1\$tInter ocean (Chicago, Ill. : 1872)$w(DLC)sn 83045109
=775  1\$tDaily inter ocean (Chicago, Ill.)$w(DLC)sn 85038321
=775  1\$tInter ocean (Chicago, Ill. : 1902)$w(DLC)sn 85038322
=775  1\$tSemi-weekly inter ocean$w(DLC)sn 82016467
=780  00$tInter ocean (Chicago, Ill. : Weekly)$w(DLC)sn 84038751$w(OCoLC)11486543$5FU
=785  00$tWeekly inter ocean and farmer$w(DLC)sn 86063848$w(OCoLC)13573121$5FU
=856  40$uhttp://infotrac.galegroup.com/itw/infomark/1/1/1/purl=rc18_NCNP_0__Weekly+Inter+Ocean+(Chicago,+IL)?sw_aep=gain40375$zResource licensed only for UF students and faculty and staff and patrons in a UF library$yRead this e-newspaper$5FU
=830  \0$a19th century U.S. newspapers.
=856  4\$uhttp://ezproxy.lib.usf.edu/login?url=http://infotrac.galegroup.com/itw/infomark/1/1/1/purl=rc18_NCNP_0__Weekly%20Inter%20Ocean%20(Chicago,%20IL)?sw_aep=tamp44898$yUSF ONLINE ACCESS$5FTS
=951  \\$108$aUFU01:004102458;$5FU

