=LDR  01182nam a22003135  4500
=001  020678752
=005  20040716082603.0
=008  711014r19681926nyu\\\\\\bs\\\001|0\eng\\
=010  \\$a   68057575 
=035  \\$a(OCoLC)00196919
=040  \\$aDLC$cDLC$dFNP
=050  0\$aH31$b.C7 no. 284, 1968
=050  0\$aHD1411$b.P3 1968
=082  0\$a338.1/6
=100  1\$aPatton, F. Lester$q(Francis Lester),$db. 1891.
=245  10$aDiminishing returns in agriculture, /$cby F. Lester Patton.
=250  \\$a[1st AMS ed.]
=260  \\$aNew York, :$bAMS Press,$c[1968].
=300  \\$a100 p. ;$c23 cm.
=490  0\$aColumbia University studies in the social sciences,$vno. 284$5FPeU
=490  0\$aStudies in history, economics, and public law, no. 284$5FPeU$5FJUNF
=500  \\$aReprint of the 1926 ed.$5FPeU$5FJUNF
=500  \\$aSeries statement also appears as: Columbia University studies in the social sciences, 284.$5FJUNF
=504  \\$aBibliography: p. 96-97.
=650  \0$aDiminishing returns.
=650  \0$aAgriculture$xEconomic aspects.
=830  \0$aStudies in history, economics and public law ;$v284.
=951  \\$109$aNFU01:000030114;$5FJUNF
=951  \\$111$aWFU01:000031910;$5FPeU

