=LDR  01581cam a2200397   4500
=001  020686387
=005  20120623060400.0
=008  711021r19691920nyu\\\\\\b\\\\001\0beng\\
=010  \\$a   72078001 
=035  \\$a(OCoLC)00199052
=040  \\$aDLC$cDLC$dFWA
=043  \\$an-us-ma
=050  0\$aE195$b.S557
=082  0\$a974.4/02/0924
=090  \\$aH31$b.C7 no. 209, 1969
=090  \\$aH31$b.C6 no.209
=100  1\$aWood, George Arthur,$d1878-
=245  10$aWilliam Shirley, governor of Massachusetts, 1741-1756;$ba history.$cVol. 1.
=250  \\$a[1st AMS ed.]
=260  \\$aNew York,$bAMS Press$c[1969]
=300  \\$a433 p.$c23 cm.
=490  1\$aStudies in history, economics and public law,$vv. 92, whole no. 209$5FTS
=490  1\$aStudies in history, economics and public law, v. 92, whole no. 209$5FPeU$5FJUNF
=500  \\$aReprint of the 1920 ed.$5FPeU$5FJUNF$5FTS
=500  \\$aNo more published.$5FPeU$5FJUNF$5FTS
=500  \\$aSeries statement also appears as: Columbia University studies in the social sciences, 209.$5FPeU$5FJUNF$5FTS
=504  \\$aBibliography: p. 414-424.
=600  10$aShirley, William,$d1694-1771.
=650  \0$aGovernors$zMassachusetts$xBiography.
=651  \0$aMassachusetts$xHistory$yColonial period, ca. 1600-1775.
=651  \0$aMassachusetts$xPolitics and government$y1755-1763.
=830  \0$aColumbia studies in the social sciences,$v209
=830  \0$aStudies in history, economics and public law ;$vno. 209.
=951  \\$109$aNFU01:000030441;$5FJUNF
=951  \\$110$aSFU01:000382324;$5FTS
=951  \\$111$aWFU01:000032170;$5FPeU

