=LDR  01107cam a2200313   4500
=001  020692540
=005  20120622223800.0
=008  711102s1971\\\\ksuab\\\\b\\\\000|0\engm\
=010  \\$a   70636375 //r73
=035  \\$a(OCoLC)00201217
=040  \\$aDLC$cDLC$dFWA
=043  \\$an-us-ak
=050  0\$aAS36$b.W62 no.89$aE78.A3
=050  0\$aAS36$b.W62 no.89
=082  0\$a917.98/7
=100  1\$aSchlesier, Karl H.
=245  14$aThe archaeology of Sedna Creek,$cby Karl H. Schlesier.
=260  \\$aWichita, Kan.,$bWichita State University,$c1971.
=300  \\$a28 p.$billus., map.$c23 cm.
=490  0\$aUniversity studies, no. 89$5FTaSU
=490  0\$aWichita State University bulletin, v. 47, no. 4$5FTaSU
=490  1\$aWichita State University. Bulletin v. 47, no. 4. University studies, no. 89$5FPeU
=504  \\$aBibliography: p. 25-28.
=650  \0$aPaleo-Indians$zAlaska.
=651  \0$aSedna Creek, Alaska$xAntiquities.
=651  \0$aAlaska$xAntiquities.
=830  \0$aUniversity studies (Wichita State University),$vno. 89
=951  \\$105$aFSU01:000045780;$5FTaSU
=951  \\$111$aWFU01:000032384;$5FPeU

