=LDR  06790cam a22009014a 4500
=001  020699331
=005  20120203082619.0
=008  021010s2003\\\\maua\\\\\b\\\\001\0\eng\\
=010  \\$a  2002151837
=020  \\$a0631219196 (hbk : alk. paper)
=020  \\$a063121920X (pbk. : alk. paper)
=035  \\$a(OCoLC)50802694
=035  \\$a(AcBC)A02010159
=040  \\$aDLC$cDLC$dNLM$dC#P$dYBM$dCWS$dNLC$dRMC$dOCL$dBAKER$dFHC
=042  \\$apcc
=050  00$aBF724$b.B487 2003
=060  00$aWS 462$bB632 2003
=060  00$a2003 H-422
=082  00$a155.5$221
=245  00$aBlackwell handbook of adolescence /$cedited by Gerald R. Adams and Michael D. Berzonsky.
=260  \\$aMalden, MA :$bBlackwell Pub.,$c2003.
=300  \\$axxvii, 648 p. ;$c26 cm.
=440  \0$aBlackwell handbooks of developmental psychology ;$v4$5FTaFA$5FOFT$5FFmFGC$5FTS
=440  \0$aBlackwell handbooks of developmental psychology$5FSsNC$5FU
=490  0\$aBlackwell handbooks of developmental psychology$5FPeU
=490  0\$aBlackwell handbooks of developmental psychology ;$v4$5FBoU
=504  \\$aIncludes bibliographical references and indexes.
=505  0\$aPart 1: Biological and genetic processes -- Part 2: The social context of adolescence -- Part 3: Developmental patterns and processes -- Part 4: Personal relationships -- Part 5: Problem behaviors.$5FPeU
=650  \0$aAdolescent psychology.
=650  12$aAdolescent Psychology.
=700  1\$aAdams, Gerald R.,$d1946-
=700  1\$aBerzonsky, Michael D.
=830  \0$aBlackwell handbooks of developmental psychology ;$v4
=970  01$tList of Contributors
=970  01$tIntroduction by the Editors
=970  11$lPt. I$tBiological and Genetic Processes$p1
=970  21$l1$tBehavior Genetics and Adolescent Development: A Review of Recent Literature$cJoseph Lee Rodgers$fRodgers, Joseph Lee$cDavid E. Bard$fBard, David E.$p3
=970  21$l2$tPubertal Processes and Physiological Growth in Adolescence$cAndrea Bastiani Archibald$fArchibald, Andrea Bastiani$cJulia A. Graber$fGraber, Julia A.$cJeanne Brooks-Gunn$fBrooks-Gunn, Jeanne$p24
=970  11$lPt. II$tSocial Context of Adolescence$p49
=970  21$l3$tReligious Development in Adolescence$cGeoffrey L. Ream$fReam, Geoffrey L.$cRitch C. Savin-Williams$fSavin-Williams, Ritch C.$p51
=970  21$l4$tFamily Ecology of Adolescence: A Dynamic Systems Perspective on Normative Development$cIsabela Granic$fGranic, Isabela$cThomas J. Dishion$fDishion, Thomas J.$cTom Hollenstein$fHollenstein, Tom$p60
=970  21$l5$tEnhancing Adolescent Development through Sports and Leisure$cSteven J. Danish$fDanish, Steven J.$cTanya E. Taylor$fTaylor, Tanya E.$cRobert J. Fazio$fFazio, Robert J.$p92
=970  21$l6$tWorld of Work and Careers$cFred W. Vondracek$fVondracek, Fred W.$cErik J. Porfeli$fPorfeli, Erik J.$p109
=970  21$l7$tSchools as Developmental Contexts$cJacquelynne S. Eccles$fEccles, Jacquelynne S.$cRobert W. Roeser$fRoeser, Robert W.$p129
=970  21$l8$tCollege as a Transition to Adulthood$cMarilyn J. Montgomery$fMontgomery, Marilyn J.$cJames E. Cote$fCote, James E.$p149
=970  11$lPt. III$tDevelopmental Patterns and Processes$p173
=970  21$l9$tAutonomy Development during Adolescence$cMelanie J. Zimmer-Gembeck$fZimmer-Gembeck, Melanie J.$cW. Andrew Collins$fCollins, W. Andrew$p175
=970  21$l10$tIdentity Development during Adolescence$cJane Kroger$fKroger, Jane$p205
=970  21$l11$tCognitive Development during Adolescence$cJames P. Byrnes$fByrnes, James P.$p227
=970  21$l12$tMoral Development during Adolescence$cJudith G. Smetana$fSmetana, Judith G.$cElliot Turiel$fTuriel, Elliot$p247
=970  21$l13$tEmotional Development in Adolescence$cGianine D. Rosenblum$fRosenblum, Gianine D.$cMichael Lewis$fLewis, Michael$p269
=970  21$l14$tSelf-Concept and Self-Esteem Development$cJerome B. Dusek$fDusek, Jerome B.$cJulie Guay McIntyre$fMcIntyre, Julie Guay$p290
=970  11$lPt. IV$tPersonal Relationships$p311
=970  21$l15$tDating and Romantic Experiences in Adolescence$cHeather A. Bouchey$fBouchey, Heather A.$cWyndol Furman$fFurman, Wyndol$p313
=970  21$l16$tFriendships, Cliques, and Crowds$cB. Bradford Brown$fBrown, B. Bradford$cChrista Klute$fKlute, Christa$p330
=970  21$l17$tRelationships Outside the Family: Unrelated Adults$cNancy Darling$fDarling, Nancy$cStephen F. Hamilton$fHamilton, Stephen F.$cKatherine Hames Shaver$fShaver, Katherine Hames$p349
=970  21$l18$tAdolescent Sexuality: Behavior and Meaning$cLisa J. Crockett$fCrockett, Lisa J.$cMarcela Raffaelli$fRaffaelli, Marcela$cKristin L. Moilanen$fMoilanen, Kristin L.$p371
=970  21$l19$tIntimate Relationships of Sexual-Minority Youths$cLisa M. Diamond$fDiamond, Lisa M.$cRitch C. Savin-Williams$fSavin-Williams, Ritch C.$p393
=970  11$lPt. V$tProblem Behaviors$p413
=970  21$l20$tAdolescent Pregnancy and Childbearing$cBrent C. Miller$fMiller, Brent C.$cBruce K. Bayley$fBayley, Bruce K.$cMathew Christensen$fChristensen, Mathew$cSpencer C. Leavitt$fLeavitt, Spencer C.$cDiana D. Coyl$fCoyl, Diana D.$p415
=970  21$l21$tAlcohol and Other Substance Use and Abuse$cMichael Windle$fWindle, Michael$cRebecca C. Windle$fWindle, Rebecca C.$p450
=970  21$l22$tUnderstanding Conduct Problems in Adolescence from a Lifespan Perspective$cDeborath M. Capaldi$fCapaldi, Deborath M.$cJoann Wu Shortt$fShortt, Joann Wu$p470
=970  21$l23$tLeaving Home: The Runaway and the Forgotten Throwaway$cThomas P. Gullotta$fGullotta, Thomas P.$p494
=970  21$l24$tCrime, Delinquency, and Youth Gangs$cDaniel J. Flannery$fFlannery, Daniel J.$cDavid L. Hussey$fHussey, David L.$cLaurie Biebelhausen$fBiebelhausen, Laurie$cKelly L. Wester$fWester, Kelly L.$p502
=970  21$l25$tEating Disorders in Adolescence$cJanet Polivy$fPolivy, Janet$cC. Peter Herman$fHerman, C. Peter$cJennifer S. Mills$fMills, Jennifer S.$cHeather B. Wheeler$fWheeler, Heather B.$p523
=970  21$l26$tDepression and Suicide during Adolescence$cAlesha D. Seroczynski$fSeroczynski, Alesha D.$cFarrah M. Jacquez$fJacquez, Farrah M.$cDavid A. Cole$fCole, David A.$p550
=970  21$l27$tSexually Transmitted Diseases among Adolescents: Risk Factors, Antecedents, and Prevention Strategies$cRalph J. DiClemente$fDiClemente, Ralph J.$cRichard A. Crosby$fCrosby, Richard A.$p573
=970  01$tAuthor Index$p606
=970  01$tSubject Index$p634
=951  \\$101$aAMU01:000520929;$5FTaFA
=951  \\$107$aCFU01:001037769;$5FOFT
=951  \\$102$aFAU01:000969450;$5FBoU
=951  \\$103$aGCU01:000263302;$5FFmFGC
=951  \\$106$aNCU01:000193329;$5FSsNC
=951  \\$109$aNFU01:000593864;$5FJUNF
=951  \\$110$aSFU01:001412806;$5FTS
=951  \\$108$aUFU01:002932489;$5FU
=951  \\$111$aWFU01:000595924;$5FPeU

