=LDR  01816cam a22003974a 4500
=001  020705321
=005  20120623080700.0
=008  021127s2003\\\\nyua\\\\\b\\\\001|0\eng\\
=010  \\$a  2002154760
=020  \\$a0415943833 (hardcover : alk. paper)
=020  \\$a0415943833 (alk. paper)
=035  \\$a(OCoLC)51177390
=040  \\$aDLC$cDLC$dC#P
=042  \\$apcc
=043  \\$af-rh---
=050  00$aHC910$b.B67 2003
=082  00$a361.7/5/096891$221
=100  1\$aBornstein, Erica,$d1963-
=245  14$aThe spirit of development :$bProtestant NGOs, morality, and economics in Zimbabwe /$cErica Bornstein.
=260  \\$aNew York :$bRoutledge,$cc2003.
=300  \\$axiv, 213 p. :$bill. ;$c24 cm.
=440  \0$aReligion in history, society and culture ;$v2$5FOFT
=440  \0$aReligion in history, society, & culture ;$v2$5FU
=490  0\$aReligion in history, society and culture ;$v2$5FBoU
=490  1\$aReligion in history, society, and culture ;$vv. 2$5FTaFA$5FMFIU
=504  \\$aIncludes bibliographical references (p. 193-208) and index.
=505  0\$aBackground : three perspectives on missions in Zimbabwe -- Theologies of development : faith, holism, and lifestyle evangelism -- Child sponsorship, evangelism, and belonging -- The politics of transcendence -- Participation as a religious act -- Good, evil, and the legitimation of success.$5FTaFA$5FOFT$5FMFIU$5FBoU$5FU
=650  \0$aNon-governmental organizations$zZimbabwe.
=650  \0$aChristianity$zZimbabwe.
=651  \0$aZimbabwe$xEconomic policy$xMoral and ethical aspects.
=830  \0$aReligion in history, society & culture ;$v2.
=951  \\$101$aAMU01:000521157;$5FTaFA
=951  \\$107$aCFU01:001037688;$5FOFT
=951  \\$102$aFAU01:000970782;$5FBoU
=951  \\$104$aFIU01:001126291;$5FMFIU
=951  \\$108$aUFU01:002934458;$5FU

