=LDR  02277cam a2200529Ia 4500
=001  020714538
=005  20141123081200.0
=008  001016s2000\\\\dcua\\\\\bf\\f000\0\eng\d
=035  \\$a(OCoLC)45176772
=035  \\$a(MARCIVE)tmp97177661
=035  \\$atmp97177661
=037  \\$aCatalog no. 85247 D
=040  \\$aTXV$cTXV$dSEN$dFNP
=042  \\$apcc
=043  \\$an-us---
=074  \\$a0956
=086  0\$aT 22.2:P 94/16
=110  1\$aUnited States.$bInternal Revenue Service
=245  00$aEnsuring the protection of taxpayers' rights :$bresponsibilities of examination employees.
=246  30$aResponsibilities of examination employees
=260  \\$a[Washington, D.C.?] :$bDept. of the Treasury, Internal Revenue Service,$c[2000]
=300  \\$a27 p. :$bill. ;$c23 cm.
=490  1\$aTraining pub ;$v3405-0$5FJUNF
=490  1\$aTraining pub. ;$v3405-001$5FFmFGC$5FBoU$5FTaSU$5FOFT$5FTaFA$5FMFIU
=500  \\$aTraining Pub. 3405-001.$5FU
=500  \\$a"Catalog Number 85247D"--P.4 of cover.$5FJUNF
=500  \\$aShipping list no.: 2000-0346-P.$5FU$5FFmFGC$5FBoU$5FTaSU$5FOFT$5FTaFA$5FMFIU
=500  \\$aCover title.$5FJUNF$5FU$5FFmFGC$5FBoU$5FTaSU$5FOFT$5FTaFA$5FMFIU
=500  \\$a"5-00"--P.4 of cover.$5FJUNF$5FFmFGC$5FBoU$5FTaSU$5FOFT$5FTaFA$5FMFIU
=504  \\$aIncludes bibliographical references.
=610  10$aUnited States.$bInternal Revenue Service$xOfficials and employees$vHandbooks, manuals, etc.
=650  \0$aTaxpayer compliance$zUnited States$vHandbooks, manuals, etc.
=650  \0$aTax administration and procedure$zUnited States$vHandbooks, manuals, etc.
=650  \0$aTaxpayer compliance.
=650  \0$aTax administration and procedure$zUnited States.
=710  1\$aUnited States.$bInternal Revenue Service
=830  \0$aTraining pub. (United States. Internal Revenue Service) ;$v3405-001.
=830  \0$aTraining pub (United States. Internal Revenue Service) ;$v3405-0
=098  98$aT22.2:P94/16
=951  \\$101$aAMU01:000430658;$5FTaFA
=951  \\$107$aCFU01:000898254;$5FOFT
=951  \\$102$aFAU01:000791153;$5FBoU
=951  \\$104$aFIU01:000920155;$5FMFIU
=951  \\$105$aFSU01:001855743;$5FTaSU
=951  \\$103$aGCU01:000248962;$5FFmFGC
=951  \\$109$aNFU01:000515482;$5FJUNF
=951  \\$108$aUFU01:002647354;$5FU

