=LDR  02350cam a2200541 a 4500
=001  020723316
=005  20120615074844.0
=008  800214s1980\\\\dcua\\\\\b\\\f000\0\eng\\
=010  \\$a80011728
=020  \\$bpbk. : .50
=035  \\$a(OCoLC)06085885
=037  \\$a033-000-00790-6
=040  \\$aDLC$cDLC$dOBE$dMUQ$dOCLCQ$dGPO$dBTCTA$dGPO$dMvI
=050  00$aQB602.9$b.P76
=074  \\$a0830-I (online)
=074  \\$a0830-I
=082  0\$a523.1/13
=082  00$a523.1/13$2unknown
=086  0\$aNAS 1.21:436
=099  \\$aNAS 1.21:436
=245  00$aProject Orion :$ba design study of a system for detecting extrasolar planets /$cDavid C. Black, editor.
=246  30$aDesign study of a system for detecting extrasolar planets
=260  \\$a[Washington, D.C.] :$bNational Aeronautics and Space Administration, Scientific and Technical Information Branch,$c1980.
=300  \\$axii, 204 p. :$bill. (some col.) ;$c23 cm.
=440  \0$aNASA SP ;$v436$5FU$5FTS$5FOFT
=490  1\$aNASA SP ; 436$5FTS$5FJUNF
=490  1\$aNASA SP ;$v436$5FMFIU$5FBoU$5FTaSU
=500  \\$aNo longer available for sale by the Supt. of Docs., U.S. G.P.O.$5FU$5FTS$5FMFIU$5FBoU
=504  \\$aIncludes bibliographical references (p.194-199).
=530  \\$aAlso available via Internet from the NASA History Office web site. Address as of 6/23/06: http://history.nasa.gov/SP-436/sp436.htm; current access is available via PURL.$5FU$5FTS$5FMFIU$5FBoU
=610  20$aProject Orion (United States. National Aeronautics and Space Administration)
=650  \0$aExtrasolar planets.
=650  \6$aProjet Orion.
=651  \6$aEspace extra-atmosphérique$xExploration.
=700  1\$aBlack, David C.
=710  1\$aUnited States.$bNational Aeronautics and Space Administration.$bScientific and Technical Information Branch.
=776  08$iOnline version:$tProject Orion$w(OCoLC)609483671
=830  \0$aNASA SP (Series)$v436.
=830  \0$aNASA SP (Series) ;$v436.
=856  41$uhttp://purl.access.gpo.gov/GPO/LPS71311$5FU$5FTS$5FJUNF$5FMFIU$5FBoU
=098  98$aNAS1.21:$a436
=951  \\$107$aCFU01:000190017;$5FOFT
=951  \\$102$aFAU01:000462556;$5FBoU
=951  \\$104$aFIU01:000281961;$5FMFIU
=951  \\$105$aFSU01:001983646;$5FTaSU
=951  \\$109$aNFU01:000192691;$5FJUNF
=951  \\$110$aSFU01:000584917;$5FTS
=951  \\$108$aUFU01:004104274;$5FU

