=LDR  02663cam a2200517 a 4500
=001  020732823
=005  20110524143046.0
=008  860305s1986\\\\caua\\\\\b\\\\000|0\eng\d
=010  \\$a85063713
=019  \\$a18326156
=020  \\$a0803923090 (pbk.) :$c{dollar}6.00
=020  \\$a9780803923096 (pbk.)
=020  \\$a0803923090 (pbk.)
=020  \\$a0803923090
=035  \\$a(OCoLC)13241625
=040  \\$aDLC$cDLC$dUKM$dUBA$dMUQ$dYBM$dEL${dollar}dBAKER$dNLGGC$dBTCTA$dYDXCP$dCRU$dHEBIS$dDEBBG$dZWZ$dFHC
=050  0\$aHN29$b.F69 1986
=082  0\$a301/.0723$219
=090  \\$aHA31.2$b.F691 1986
=096  \\$aH 61 Q1 no. 58 1986
=100  1\$aFox, James Alan.
=245  10$aRandomized response :$ba method for sensitive surveys /$cJames Alan Fox, Paul E. Tracy.
=260  \\$aBeverly Hills :$bSage Publications,$cc1986.
=300  \\$a80 p. :$bill. ;$c22 cm.
=440  \0$aSage university papers series.$pQuantitative applications in the social sciences ;$vno. 07-058$5FFmFGC$5FU$5FMFIU
=490  1\$aSage university papers series. Quantitative applications in the social sciences ;$vno. 07-058$5FTS$5FSsNC$5FBoU$5FTaSU
=490  1\$aSage university papers series.$pQuantitative applications in the social sciences ;$vno. 07-058$5FOFT
=504  \\$aIncludes bibliographical references (p. 76-79).
=505  0\$a1. Surveying sensitive topics -- Types of error in surveys -- Ethical issues in surveys -- Respondent protections -- 2. The randomized response technique -- Basic randomized response strategies -- Design considerations in randomized response -- An alternative strategy using sums -- Generalization to polychotomous measures -- Extension to quantitative measures -- Subgroup comparisons -- Measures of association -- Disclosure control -- 3. Applications of randomized response methods -- Substantive applications -- Comparison studies -- Validation research -- 4. Conclusion.$5FSsNC
=650  \0$aSocial surveys.
=650  \0$aSocial surveys$xResponse rate.
=650  \0$aSampling (Statistics)
=650  \2$aStatistics$xmethods.
=650  \2$aSocial Sciences.
=650  \2$aData Collection.
=700  1\$aTracy, Paul E.
=830  \0$aSage university papers series.$pQuantitative applications in the social sciences ;$vno. 07-058
=830  \0$aQuantitative applications in the social sciences ;$vno. 07-058.
=951  \\$107$aCFU01:000261403;$5FOFT
=951  \\$102$aFAU01:000259746;$5FBoU
=951  \\$104$aFIU01:000327412;$5FMFIU
=951  \\$105$aFSU01:000905289;$5FTaSU
=951  \\$103$aGCU01:000014671;$5FFmFGC
=951  \\$106$aNCU01:000227640;$5FSsNC
=951  \\$110$aSFU01:000541987;$5FTS
=951  \\$108$aUFU01:000562726;$5FU

