=LDR  01239nam a22003851  4500
=001  020742722
=005  20110614124301.0
=008  720114c19641963nyuae\\\\b\\\\000\0\eng\\
=010  \\$a   62012338 
=019  \\$a330728$a1075857$a7190680
=035  \\$a(OCoLC)00221101
=040  \\$aDLC$cDLC$dm.c.
=050  0\$aPN2037$b.S5 1964
=082  0\$a792.025
=090  \\$aPN2037$b.S5 1964
=092  \\$a792$bSi57.2
=092  \\$a792.025$bS611s 1963
=100  1\$aSimonson, Lee,$d1888-1967.
=245  14$aThe stage is set.
=250  \\$a[Rev. and amended]
=260  \\$aNew York,$bTheatre Arts Books$c[1964, c1963]
=300  \\$axxv, 581 p.$billus., plans.$c21 cm.
=490  0\$aTAB paperbook, no. 8$5FPeU$5FMFIU$5FBoU
=490  0\$aTAB paperbook ;$vno. 8$5FJUNF$5FTS$5FOFT$5FU
=504  \\$a"A critical bibliography": p. 531-545.
=590  \\$aSeventh printing, 1970.$5FJUNF
=650  \0$aTheater.
=650  \0$aTheaters$xStage-setting and scenery.
=951  \\$107$aCFU01:000220236;$5FOFT
=951  \\$102$aFAU01:000128275;$5FBoU
=951  \\$104$aFIU01:000037402;$5FMFIU
=951  \\$109$aNFU01:000033341;$5FJUNF
=951  \\$110$aSFU01:000053085;$5FTS
=951  \\$108$aUFU01:000756480;$5FU
=951  \\$111$aWFU01:000034387;$5FPeU

