=LDR  01456nam a2200385Ia 4500
=001  020751728
=005  20120120161203.0
=008  860924s1986\\\\wiua\\\\\b\\\\000\0\eng\d
=010  \\$a   92110784 
=020  \\$a0873890108
=020  \\$a0873890108 (pbk.)
=035  \\$a(OCoLC)14259047
=040  \\$aKFP$cKFP$dm/c$dFTU
=050  00$aTS156$b.C69 1992
=082  00$a658.5/62/015195$220
=090  \\$aTS156$b.A78 v.11
=090  \\$aTS156$b.C68 1986
=092  \\$a658.562$bC839h
=100  1\$aCox, Neil D.
=245  10$aHow to perform statistical tolerance analysis /$cby Neil D. Cox.
=260  \\$aMilwaukee, Wis. :$bAmerican Society for Quality Control,$cc1986.
=300  \\$avii, 55 p. :$bill. ;$c28 cm.
=440  \4$aThe ASQC basic references in quality control ;$vv. 11$5FU
=490  1\$aThe ASQC basic references in quality control : statistical techniques ;$vv. 11$5FJUNF
=490  1\$aThe ASQC basic references in quality control ;$vv. 11$5FOFT
=500  \\$aOn cover: Statistics Division.$5FOFT
=504  \\$aIncludes bibliographical references and index.
=650  \0$aQuality control$xStatistical methods.
=650  \0$aStatistical hypothesis testing.
=710  2\$aAmerican Society for Quality Control.
=740  0\$aStatistical tolerance analysis.
=830  \0$aASQC basic references in quality control ;$vv. 11.
=951  \\$107$aCFU01:000396327;$5FOFT
=951  \\$109$aNFU01:000291966;$5FJUNF
=951  \\$108$aUFU01:002018824;$5FU

