=LDR  01649cam a2200385Ia 4500
=001  020758333
=005  20120622232400.0
=008  860716s1986\\\\inu\\\\\\b\\\\000|0\eng\d
=035  \\$a(OCoLC)13878051
=040  \\$aNDD$cNDD$dIXA$dm/c$dPIT
=041  0\$aeng$bspa
=043  \\$as-ag---
=090  \\$aF2849.2$b.O36 1986
=092  \\$a980$bW926, P214x, no.58
=100  1\$aO'Donnell, Guillermo A.
=245  10$aOn the fruitful convergences of Hirschman's Exit, voice, and loyalty and Shifting involvements :$breflections from the recent Argentine experience /$cGuillermo O'Donnell.
=260  \\$aNotre Dame, IN, USA :$bHelen Kellogg Institute for International Studies, University of Notre Dame,$c[1986]
=300  \\$a23, [2] p. ;$c28 cm.
=490  1\$aWorking paper ;$v#58$5FMFIU
=490  1\$aWorking paper ;$vno. 58$5FU
=500  \\$a"February 1986."$5FMFIU$5FU
=500  \\$aAbstracts in English and Spanish.$5FMFIU
=500  \\$aSummary in Spanish.$5FU
=504  \\$aIncludes bibliographical references (p. [24-25]).
=600  10$aHirschman, Albert O.$tShifting involvements.
=600  10$aHirschman, Albert O.$tExit, voice, and loyalty.
=650  \0$aPolitical participation.
=650  \0$aCollective behavior.
=650  \0$aPolitical persecution.
=651  \0$aArgentina$xPolitics and government$y1955-1983.
=710  2\$aHelen Kellogg Institute for International Studies.
=830  \0$aWorking paper (Helen Kellogg Institute for International Studies) ;$v#58.
=830  \0$aWorking paper (Helen Kellogg Institute for International Studies) ;$vno. 58.
=951  \\$104$aFIU01:000515852;$5FMFIU
=951  \\$108$aUFU01:001042583;$5FU

