=LDR  02735cam a2200505 a 4500
=001  020768568
=005  20110804093124.0
=006  m\\\\\\\\d\f\\\\\\
=007  cr\cn|||||||||
=008  040406s2002\\\\mdua\\\\ob\\\f000\0\eng\c
=035  \\$a(OCoLC)54893873
=035  \\$a(MARCIVE)govdoc online 20040516
=040  \\$aGPO$cGPO$dOCLCQ$dGPO$dMvI
=042  \\$apcc
=074  \\$a0491-B-31 (online)
=086  0\$aHE 20.6524:63
=245  00$aUtility of blood pressure monitoring outside of the clinic setting$h[electronic resource] /$cprepared for Agency for Healthcare Research and Quality, U.S. Dept of Health and Human Services ; prepared by Johns Hopkins Evidence-based Practice Center ; investigators, Lawrence J. Appel ... [et al.].
=260  \\$a[Rockville, Md. :$bAgency for Healthcare Research and Quality,$c2002]
=300  \\$a1 online resource :$bill.
=440  \0$aEvidence report/technology assessment,$x1530-4396 ;$vno. 79$5FOFT$5FTaSU$5FU$5FTS
=440  \0$aAHRQ publication ;$vno. 03-E004$5FOFT$5FTaSU$5FU$5FTS
=490  1\$aAHRQ publication ;$vno. 03-E004$5FBoU$5FMFIU$5FFmFGC
=490  1\$aEvidence report/technology assessment ;$vno. 63$5FBoU$5FMFIU$5FFmFGC
=500  \\$aTitle from title screen (viewed Apr. 6, 2004).$5FBoU$5FMFIU$5FFmFGC
=500  \\$a"November 2002."$5FBoU$5FMFIU$5FFmFGC
=500  \\$aTitle from title screen (viewed on Apr. 6, 2004).$5FOFT$5FTaSU$5FU$5FTS
=504  \\$aIncludes bibliographical references.
=538  \\$aMode of access: Internet from the AHRQ web site. Address as of 4/6/04: http://hstat.nlm.nih.gov/hq/Hquest/screen/DirectAccess/db/3747; current access available via PURL.$5FOFT$5FTaSU$5FU$5FTS
=650  \0$aPatient monitoring.
=650  \0$aBlood pressure$xMeasurement.
=700  1\$aAppel, Lawrence J.
=710  1\$aUnited States.$bAgency for Healthcare Research and Quality.
=710  2\$aJohns Hopkins University.$bEvidence-based Practice Center.
=776  08$iPrint version:$tUtility of blood pressure monitoring outside of the clinic setting$hviii, 301 p.$w(DLC) 2003387284$w(OCoLC)51443231
=776  1\$tUtility of blood pressure monitoring outside of the clinic setting$hviii, 301 p.$w(DLC)  2003387284$w(OCoLC)51443231
=830  \0$aEvidence report/technology assessment ;$vno. 63.
=830  \0$aAHRQ publication ;$vno. 03-E004.
=856  40$uhttp://purl.access.gpo.gov/GPO/LPS47028$5FBoU$5FOFT$5FTaSU$5FMFIU$5FU$5FTS
=856  40$yConnect Now$uhttp://purl.access.gpo.gov/GPO/LPS47028$5FFmFGC
=951  \\$107$aCFU01:001086179;$5FOFT
=951  \\$102$aFAU01:001015331;$5FBoU
=951  \\$104$aFIU01:001179069;$5FMFIU
=951  \\$105$aFSU01:002090279;$5FTaSU
=951  \\$103$aGCU01:000527635;$5FFmFGC
=951  \\$108$aUFU01:003437873;$5FU

