=LDR  01322cam a2200337I  4500
=001  020777330
=005  20120622225100.0
=008  720128c19651919mau\\\\\\b\\\\000|0\eng\\
=010  \\$a   66003835 
=035  \\$a(OCoLC)00230170
=040  \\$cWSU$dm.c.$dOCL$dFWA
=050  ?\$aHD194$b.B7 1965
=090  \\$aHD194$b.B7 1965
=100  1\$aBond, Beverley W.$q(Beverley Waugh),$db. 1881-
=245  14$aThe quit-rent system in the American Colonies,$cby Beverley W. Bond, Jr. With an introd. by Charles M. Andrews.
=260  \\$aGloucester, Mass.,$bP. Smith,$c1965 [c1919]
=300  \\$a492 p.$c21 cm.
=440  \0$aYale historical publications.$pMiscellany;$v6$5FTS
=440  \0$aYale historical publications.$aMiscellany,$v6$5FOFT
=440  \0$aYale historical publications. Miscellany,$v6$5FPeU
=490  0\$aYale historical publications.$aMiscellany, 6$5FBoU
=490  1\$aYale historical publications. Miscellany,$v6$5FJUNF
=504  \\$aBibliography: p. [461]-477.
=650  \0$aRent$zUnited States.
=650  \0$aLand tenure$zUnited States$xHistory.
=830  \0$aYale historical publications.$pMiscellany ;$v6
=951  \\$107$aCFU01:000029995;$5FOFT
=951  \\$102$aFAU01:000041040;$5FBoU
=951  \\$109$aNFU01:000034943;$5FJUNF
=951  \\$110$aSFU01:000055688;$5FTS
=951  \\$111$aWFU01:000035897;$5FPeU

