=LDR  01683cam a2200433 a 4500
=001  020786924
=005  20120623081900.0
=008  920609m19931997nyuab\\\\b\\\\001|0\eng\\
=010  \\$a   92022798 
=015  \\$aGB93-50830
=019  \\$a29183431
=020  \\$a0911437703 (acid-free paper : v. 2)
=020  \\$a0815300956
=020  \\$a0815300956 (acid-free paper)
=035  \\$a(OCoLC)26129067
=040  \\$aDLC$cDLC$dUIU$dFUG
=043  \\$an-mx---$anc-----
=050  00$aF1435$b.W43 1993
=082  00$a972.81/016$220
=100  1\$aWeeks, John M.
=245  10$aMaya civilization /$cJohn M. Weeks.
=260  \\$aNew York ;$aLondon :$bGarland Pub.,$c1993.
=300  \\$alxvi, 369 p. :$bill. ;$c22 cm.
=440  \0$aResearch guides to ancient civilizations ;$vv. 1$5FMFIU$5FSsNC$5FU$5FTaSU
=440  \0$aGarland reference library of the humanities ;$vv. 1796$5FMFIU$5FU
=490  0\$aResearch guides to ancient civilizations ;$vv. 1$5FBoU
=490  1\$aGarland reference library of the humanities ;$vv. 1796$5FSsNC$5FBoU$5FTaSU
=500  \\$aIncludes indexes.$5FMFIU$5FSsNC$5FU$5FBoU$5FTaSU
=500  \\$aVol. 2 published: Lancaster, CA : Labyrinthos; lacks series Garland reference library of the humanities.$5FTaSU
=505  0\$a[v. 1. without special title] -- v. 2. 1990-1995, a bibliographic guide.$5FTaSU
=650  \0$aMayas.
=650  \0$aMayas$xBibliography.
=653  0\$aMayas
=830  \0$aGarland reference library of the humanities ;$vvol. 1796.
=951  \\$102$aFAU01:000486405;$5FBoU
=951  \\$104$aFIU01:000516435;$5FMFIU
=951  \\$105$aFSU01:001464519;$5FTaSU
=951  \\$106$aNCU01:000123437;$5FSsNC
=951  \\$108$aUFU01:001849117;$5FU

