=LDR  02613cgm a2200481Ia 4500
=001  020796784
=005  20111013090426.0
=007  vfucbaho|
=007  vf\cbaho\\\\\\
=008  870603s1980\\\\vau090\\\\\\\\|\\|vleng\d
=035  \\$a(OCoLC)15802321
=040  \\$aABC$cABC
=090  \\$aRC481$b.S77 1980
=092  \\$a158.3$bS927
=099  \\$aVC$a804
=245  04$aThe struggle for self acceptance ;$bThe inner world of counseling, session 1$h[videorecording] /$cwith Carl Rogers ; produced and directed by John M. Whiteley ; recall session conducted by Arthur Resnikoff.
=260  \\$aAlexandria, VA :$bAmerican Association for Counseling and Development,$cc1980.
=300  \\$a1 videocassette (90 min.) :$bsd., col. ;$c1/2 in.
=440  \0$aGreat minds in counseling$5FTS
=490  0\$aAACD historical videotape series$5FFmFGC$5FMFIU$5FOFT
=490  1\$aGreat minds in counseling series / created by John M. Whiteley$5FFmFGC$5FMFIU$5FOFT
=500  \\$aA videocassette release of the 1980 films by the American Personnel and Guidance Association.$5FFmFGC$5FTS$5FMFIU$5FOFT
=500  \\$aStruggle for self-acceptance originally listed in producer's catalog as Inner world of counseling, session 2.$5FFmFGC$5FTS$5FMFIU$5FOFT
=500  \\$aVHS.$5FFmFGC$5FOFT
=500  \\$a"77705C."$5FFmFGC$5FTS$5FOFT
=508  \\$aProduced and directed by John M. Whiteley ; recall session conducted by Arthur Resnikoff.
=511  2\$aCarl Rogers
=520  \\$aIllustrates the client centered counseling techniques of Carl Rogers as his client Sylvia discusses her problems of self-acceptance, feelings about men, problems as a divorcee and single parent, and fears about going to work full time. Through use of freeze frames and voiceover commentary, Sylvia describes her feelings at various points in the interview, and Dr. Rogers discusses his counseling techniques and the feelings Sylvia seems to be expressing. Includes the 5th and 4th interviews.
=538  \\$aVHS format.$5FMFIU
=650  \0$aClient-centered psychotherapy.
=650  \0$aPsychotherapy.
=700  1\$aRogers, Carl R.$q(Carl Ransom),$d1902-1987.
=700  1\$aRogers, Carl R.$q(Carl Ransom),$d1902-
=700  1\$aResnikoff, Arthur.
=700  1\$aWhiteley, John M.
=710  2\$aAmerican Association for Counseling and Development.
=740  4\$aThe inner world of counseling.
=830  \0$aGreat minds in counseling series.
=830  \0$aGreat minds in counseling.
=951  \\$107$aCFU01:000387718;$5FOFT
=951  \\$104$aFIU01:000373821;$5FMFIU
=951  \\$103$aGCU01:000015946;$5FFmFGC
=951  \\$110$aSFU01:000788041;$5FTS

