=LDR  02052cam a2200445Ia 4500
=001  020804000
=005  20120623082900.0
=007  he|bmb024bbca
=008  920902s1990\\\\mdu\\\\\bb\\\f000|0\eng\d
=035  \\$a(OCoLC)26520207
=037  \\$a003-003-03008-2$bGPO$fpaper copy$c{dollar}2.50
=040  \\$aGAO$cGAO$dGPO
=074  \\$a0247 (MF)
=074  \\$a0247 (microfiche)
=086  0\$aC 13.10:500-180
=090  \\$aQC100$b.U57 no.500-180
=100  1\$aWallace, Dolores R.
=245  10$aGuide to software acceptance$hmicroform /$cDolores R. Wallace, John C. Cherniavsky.
=260  \\$aGaithersburg, MD :$bU.S. Dept. of Commerce, National Institute of Standards and Technology ;$a[Washington, DC] :$bFor sale by the Supt. of Docs., U.S. G.P.O.,$c1990.
=300  \\$aix, 34 p. ;$c28 cm.
=440  \0$aNIST special publication ;$v500-180$5FBoU$5FOFT$5FMFIU$5FFmFGC$5FTS$5FU
=490  0\$aNIST special publication ;$v500-180$5FTaSU
=490  1\$aComputer systems technology$5FBoU$5FOFT$5FMFIU$5FFmFGC$5FTS$5FTaSU$5FU
=500  \\$a"April 1990."$5FBoU$5FOFT$5FMFIU$5FFmFGC$5FTS$5FTaSU$5FU
=500  \\$aShipping list no.: 92-1381-M.$5FBoU$5FOFT$5FMFIU$5FFmFGC$5FTS$5FTaSU$5FU
=500  \\$aDistributed to depository libraries in microfiche.$5FBoU$5FOFT$5FMFIU$5FFmFGC$5FTS$5FU
=504  \\$aIncludes bibliographical references (p. 31-34).
=533  \\$aMicrofiche.$b[Washington, D.C.?] :$cSupt. of Docs., U.S. G.P.O.,$d[1992]$e1 microfiche : negative.$5FBoU$5FOFT$5FMFIU$5FFmFGC$5FTS$5FTaSU$5FU
=650  \0$aComputer software$xTesting.
=650  \0$aComputer software$xEvaluation.
=700  1\$aCherniavsky, John C.
=710  2\$aNational Institute of Standards and Technology (U.S.)
=830  \0$aNIST special publication.$pComputer systems technology.
=951  \\$107$aCFU01:000544498;$5FOFT
=951  \\$102$aFAU01:000517207;$5FBoU
=951  \\$104$aFIU01:000555690;$5FMFIU
=951  \\$105$aFSU01:001456929;$5FTaSU
=951  \\$103$aGCU01:000114885;$5FFmFGC
=951  \\$110$aSFU01:000995052;$5FTS
=951  \\$108$aUFU01:001965861;$5FU

