=LDR  02133cam a2200493   4500
=001  020807619
=005  20120622224100.0
=008  711015s1971\\\\ne\a\\\\\b\\\\100|0\engm\
=010  \\$a   73154735 
=015  \\$aNe71-30
=020  \\$a9027701830
=035  \\$a(OCoLC)00197467
=040  \\$aDLC$cDLC$dFGM
=050  0\$aQB855$b.S9 1970
=082  0\$a523.1/135
=090  \\$aQB855$b.S9 1970
=090  \\$aQB1$b.I58 no.46, 1970
=099  \\$aQB$a855$a.S9$a1970
=111  2\$aSymposium on the Crab Nebula,$cManchester, England and Jodrell Bank, England,$d1970.
=245  14$aThe Crab Nebula.$cEd. by R. D. Davies and F. G. Smith.
=260  \\$aDordrecht,$bReidel,$c1971.
=300  \\$axix, 470 p. with illus.$c25 cm.
=410  20$aInternational Astronomical Union.$tSymposium$vno. 46$5FBoU
=440  \0$aSymposium (International Astronomical Union) ;$vno. 46$5FTS
=490  0\$aInternational Astronomical Union. Symposium no. 46$5FTaSU
=490  0\$aInternational Astronomical Union. Symposium$vno. 46$5FU
=500  \\$aSponsored by the International Astronomical Union.$5FBoU$5FMFIU$5FTaSU$5FU$5FTS
=500  \\$aThe meeting on August 5 was on the University of Manchester campus and the meeting on August 6 and 7 was at the Nuffield Radio Astronomy Laboratories, Jodrell Bank.$5FBoU$5FMFIU$5FTaSU$5FU$5FTS
=500  \\$a"International Astronomical Union symposium no. 46."$5FMFIU
=504  \\$aIncludes bibliographies.
=650  \0$aPulsating stars$xCongresses.
=651  \0$aCrab Nebula$xCongresses.
=700  1\$aDavies, R. D.$q(Rodney Deane),$eed.
=700  1\$aSmith, F. Graham$q(Francis Graham),$d1923-$eed.
=700  1\$aDavies, R. D.$q(Rodney Deane)
=700  1\$aGraham-Smith, Francis,$d1923-
=700  1\$aGraham-Smith, Francis,$cSir,$d1923-
=710  2\$aInternational Astronomical Union.
=710  2\$aInternational Astronomical Union.$bSymposium$n(46th :$d1970 :$cUniversity of Manchester)
=951  \\$102$aFAU01:000036195;$5FBoU
=951  \\$104$aFIU01:000033419;$5FMFIU
=951  \\$105$aFSU01:000045166;$5FTaSU
=951  \\$110$aSFU01:000048719;$5FTS
=951  \\$108$aUFU01:000026985;$5FU

