=LDR  03247nam a2200517Ka 4500
=001  020814303
=005  20110929172452.0
=006  m\\\\\\\\d\f\\\\\\
=008  080408m19981999oru\\\\\s\\\\f000\0\eng\d
=035  \\$a(OCoLC)221341274
=040  \\$aGPO$cGPO$dGPO$dMvI
=074  \\$a1089-W-06 (online)
=086  0\$aY 3.N 81/8:16 C 76/PT.1
=086  0\$aY 3.N 81/8:16 C 76/PT.2 A
=086  0\$aY 3.N 81/8:16 C 76/PT.2 B
=086  0\$aY 3.N 81/8:16 C 76/PT.3 A
=086  0\$aY 3.N 81/8:16 C 76/PT.3
=110  2\$aIndependent Scientific Advisory Board (U.S.)
=245  10$aCorps capital construction project review$h[electronic resource].
=246  1\$iTitle on pts.2 A-B:$aReview of the U.S. Army Corps of Engineers' capital construction program
=246  1\$iTitle on pts. 3A, 3:$aReport of the Independent Scientific Advisory Board review of the U.S. Army Corps of Engineers' capital construction program
=260  \\$aPortland, OR :$bIndependent Scientific Advisory Board,$c[1998-1999].
=300  \\$a5 electronic texts :$bHTML file.
=490  1\$aPts. 3A, 3: ISAB report ;$v99-2, 99-4$5FU$5FBoU$5FTaFA$5FOFT$5FTaSU$5FMFIU
=490  1\$aPts. 1, 2A-2B: Document ISAB ;$v98-4, 98-7, 98-8$5FU$5FBoU$5FTaFA$5FOFT$5FTaSU$5FMFIU
=500  \\$a"September 29, 1998"--Pts. 2A, 2B.$5FU$5FBoU$5FTaFA$5FOFT$5FTaSU$5FMFIU
=500  \\$a"June 9, 1998"--Pt. [1].$5FU$5FBoU$5FTaFA$5FOFT$5FTaSU$5FMFIU
=500  \\$a"January 26, 1999"--Pt. 3A.$5FU$5FBoU$5FTaFA$5FOFT$5FTaSU$5FMFIU
=500  \\$aFebruary 16, 1999"--Pt. 3.$5FU$5FBoU$5FTaFA$5FOFT$5FTaSU$5FMFIU
=500  \\$aNo more published?$5FU$5FBoU$5FTaFA$5FOFT$5FTaSU$5FMFIU
=500  \\$aTitle from pt. [1] title screen (viewed on Apr. 8, 2008).$5FU$5FBoU$5FTaFA$5FOFT$5FTaSU$5FMFIU
=538  \\$aMode of access: Internet from the Northwest Power and Conservation Council web site. Addresses as of 4/9/08: http://www.nwcouncil.org/library/isab/isab98-4.htm (pt. [1]), http://www.nwcouncil.org/library/isab/isab98-7.htm (pt. 2A), http://www.nwcouncil.org/library/isab/isab98-8.htm (pt. 2B), http://www.nwcouncil.org/library/isab/isab99-2.htm (pt. 3A), http://www.nwcouncil.org/library/isab/isab99-4.htm (pt. 3) ; current access available via PURLs.$5FU$5FBoU$5FTaFA$5FOFT$5FTaSU$5FMFIU
=650  \0$aFish screens$zColumbia River Watershed$xDesign and construction.
=650  \0$aFishways$zColumbia River Watershed$xDesign and construction.
=830  \0$aDocument (Independent Scientific Advisory Board) ;$v98-4, 98-7, 98-8, 99-2, 99-4.
=856  40$aPt. [1]$uhttp://purl.access.gpo.gov/GPO/LPS92826$5FU$5FBoU$5FTaFA$5FOFT$5FTaSU$5FMFIU
=856  40$3Pt. 2A$uhttp://purl.access.gpo.gov/GPO/LPS92859$5FU$5FBoU$5FTaFA$5FOFT$5FTaSU$5FMFIU
=856  40$3Pt. 3$uhttp://purl.access.gpo.gov/GPO/LPS92862$5FU$5FBoU$5FTaFA$5FOFT$5FTaSU$5FMFIU
=856  40$3Pt. 3A$uhttp://purl.access.gpo.gov/GPO/LPS92861$5FU$5FBoU$5FTaFA$5FOFT$5FTaSU$5FMFIU
=856  40$3Pt. 2B$uhttp://purl.access.gpo.gov/GPO/LPS92860$5FU$5FBoU$5FTaFA$5FOFT$5FTaSU$5FMFIU
=951  \\$101$aAMU01:001341493;$5FTaFA
=951  \\$107$aCFU01:001425204;$5FOFT
=951  \\$102$aFAU01:001527829;$5FBoU
=951  \\$104$aFIU01:001432905;$5FMFIU
=951  \\$105$aFSU01:002491040;$5FTaSU
=951  \\$108$aUFU01:004118702;$5FU

