=LDR  01635nam a2200385Ka 4500
=001  020824576
=005  20120623083300.0
=008  950619s1993\\\\dcu\\\\\b\\\\f000|0\eng\d
=035  \\$a(OCoLC)32670298
=037  \\$aN 95-18045$bNASA
=040  \\$aGPO$cGPO
=074  \\$a0830-H-14 (MF)
=086  0\$aNAS 1.26:195418
=100  1\$aDoniere, Timothy F.
=245  10$aLVQ and backpropagation neural networks applied to NASA SSME data$hmicroform /$cTimothy F. Doniere and Atam P. Dhawan.
=260  \\$a[Washington, DC :$bNational Aeronautics and Space Administration ;$aSpringfield, Va. :$bNational Technical Information Service, distributor,$c1993]
=300  \\$a1 v.
=490  0\$aTechnical report ;$vTR-156/6/93/ECE$5FU$5FTS$5FBoU$5FTaSU
=490  0\$aNASA contractor report ;$v195418$5FTaSU
=500  \\$aDistributed to depository libraries in microfiche.$5FU$5FTS$5FBoU
=500  \\$aShipping list no.: 95-0419-M.$5FU$5FTS$5FBoU$5FTaSU
=533  \\$aMicrofiche.$b[Washington, D.C. :$bNational Aeronautics and Space Administration,$d1995]$e1 microfiche.$5FU$5FTS$5FBoU$5FTaSU
=650  \7$aCompression ratio.$2nasat
=650  \7$aData compression.$2nasat
=650  \7$aFault detection.$2nasat
=650  \7$aMachine learning.$2nasat
=650  \7$aNeural nets.$2nasat
=650  \7$aSpace shuttle main engine.$2nasat
=650  \7$aVector quantization.$2nasat
=700  1\$aDhawan, Atam P.
=710  1\$aUnited States.$bNational Aeronautics and Space Administration.
=951  \\$102$aFAU01:000560178;$5FBoU
=951  \\$105$aFSU01:001491821;$5FTaSU
=951  \\$110$aSFU01:001033142;$5FTS
=951  \\$108$aUFU01:002021146;$5FU

