=LDR  02569cam a22005054a 4500
=001  020833711
=005  20101027104326.0
=008  090212s2009\\\\ncua\\\\\b\\\\001\0\eng\c
=010  \\$a2009006501
=015  \\$aGBA984494$2bnb
=016  7\$a015357261$2Uk
=020  \\$a9780822344285 (cloth : alk. paper)
=020  \\$a0822344289 (cloth : alk. paper)
=020  \\$a9780822344391 (pbk. : alk. paper)
=020  \\$a0822344394 (pbk. : alk. paper)
=035  \\$a(OCoLC)306805907
=035  \\$a99934867636
=040  \\$aNcD/DLC$cDLC$dYDX$dBTCTA$dYDXCP$dCDX$dUKM$dCOO$dBWX$dOrLoB-B
=042  \\$apcc
=043  \\$aa-is---
=050  00$aHV6433.P25$bA28 2009
=082  00$a956.9405$222
=100  1\$aAbufarha, Nasser,$d1964-
=245  14$aThe making of a human bomb :$ban ethnography of Palestinian resistance /$cNasser Abufarha.
=260  \\$aDurham [N.C.] :$bDuke University Press,$c2009.
=300  \\$ax, 277 p. :$bill. ;$c24 cm.
=490  0\$aCultures and practice of violence series$5FBoU
=490  1\$aThe cultures and practice of violence series$5FMFIU$5FTS$5FTaSU$5FOFT$5FU$5FTaFA
=504  \\$aIncludes bibliographical references (p. 257-265) and index.
=505  0\$aHistories and historicities in Palestine -- State expansion and the violence of "peace making" in Palestine -- The carrier -- Dying to live -- The strategies and politics of martyrdom in Palestine.$5FMFIU$5FTS$5FTaSU$5FOFT$5FU
=505  00$tHistories and historicities in Palestine --$tState expansion and the violence of "peace making" in Palestine --$tThe carrier --$tDying to live --$tThe strategies and politics of martyrdom in Palestine.$5FBoU$5FTaFA
=520  1\$a"In The Making of a Human Bomb, Nasser Abufarha, a Palestinian anthropologist, explains the cultural logic underlying Palestinian martyrdom operations (suicide attacks) launched against Israel during the Al-Aqsa Intifada (2000-06). In so doing, he sheds much-needed light on how Palestinians have experienced and perceived the broader conflict."--BOOK JACKET.
=650  \0$aPolitical violence$zPalestine.
=650  \0$aArab-Israeli conflict$y1993-
=650  \0$aSuicide bombings$zPalestine.
=650  \0$aSuicide bombers$zPalestine.
=830  \0$aCultures and practice of violence series.
=915  \\$aPromptCat
=951  \\$101$aAMU01:000891648;$5FTaFA
=951  \\$107$aCFU01:001585032;$5FOFT
=951  \\$102$aFAU01:001796538;$5FBoU
=951  \\$104$aFIU01:001528147;$5FMFIU
=951  \\$105$aFSU01:002581229;$5FTaSU
=951  \\$110$aSFU01:002030351;$5FTS
=951  \\$108$aUFU01:004732382;$5FU

