=LDR  01503nam a2200385I  4500
=001  020842541
=005  20120623045900.0
=008  740415s1965\\\\enka\\\\\b\\\\000|0\eng\\
=010  \\$a   65017948 
=035  \9$a(OCoLC)00856170
=040  \\$aMedical Col of Ohio at Toledo$cFQG$dFHM
=050  0\$aQH481$b.B25 1965
=082  0\$a574.166
=090  \\$aQH481$b.B3
=090  \\$aQL1$b.I5 v.26
=092  \\$a590.82$bI61 v.26
=096  \\$aQP251 .B117s 1965
=100  1\$aBacci, Guido.
=245  10$aSex determination.
=250  \\$a[1st ed.]
=260  \\$aOxford,$aNew York,$bPergamon Press$c[c1965]
=300  \\$avii, 306 p.$billus.$c24 cm.
=440  \0$aInternational series of monographs on pure and applied biology.$pDivision, Zoology,$vv. 26$5FSsNC
=490  0\$aInternational series of monographs in pure and applied biology. Division: Zoology, v. 26$5FPeU
=490  0\$aInternational series of monographs on pure and applied biology. Division: zoology, v. 26$5FTaFA
=490  0\$aInternational series of monographs in pure and applied biology. Division: Zoology,$vv. 26$5FTaSU
=504  \\$aBibliography: p. 264-293.
=650  \0$aSex (Biology)
=650  \2$aSex Determination.
=830  \0$aInternational series of monographs on pure and applied biology.$pDivision: Zoology,$vv. 26
=951  \\$101$aAMU01:000074496;$5FTaFA
=951  \\$105$aFSU01:000159107;$5FTaSU
=951  \\$106$aNCU01:000026437;$5FSsNC
=951  \\$108$aUFU01:000779873;$5FU
=951  \\$111$aWFU01:000098596;$5FPeU

