=LDR  01729nam a2200397Ia 4500
=001  020851178
=005  20100326112434.0
=008  861201s1986\\\\dcua\\\\\b\\\f00000\eng\d
=035  \\$a(OCoLC)14909376
=040  \\$aJJG$cJJG$dFNP
=074  \\$a3
=086  0\$aA 1.76:611
=245  00$aSweet sorghum culture and sirup production /$c[by K.C. Freeman ... et al.]
=260  \\$a[Washington, D.C.?] :$bU.S. Dept. of Agriculture,$c1986
=300  \\$a55 p. :$bill. (some col.) ;$c22 cm.
=490  1\$aAgriculture handbook ;$vno. 611$5FOFT$5FTS$5FBoU$5FU$5FMFIU
=490  1\$aAgriculture handbook (United States. Dept. of Agriculture)$v611$5FJUNF
=500  \\$aMonthly Catalog Number: gp 87008692$5FTS$5FBoU
=500  \\$a"Issued May 1986"--P. [3].$5FOFT$5FTS$5FJUNF$5FBoU$5FU$5FMFIU
=500  \\$aShipping list no.: 86-770-P.$5FOFT$5FTS$5FBoU$5FU$5FMFIU
=500  \\$a"Supersedes "Culture of sweet sorghum for sirup production," Agriculture handbook no. 441, issued May 1973."--P. [3].$5FOFT$5FTS$5FJUNF$5FBoU$5FU$5FMFIU
=500  \\$aMonthly Catalog Number: gp 7008692$5FOFT
=504  \\$aBibliography: p. 53-54.
=650  \0$aSorghum.
=700  1\$aFreeman, Kelly C.
=710  1\$aUnited States.$bExtension Service
=710  1\$aUnited States.$bAgricultural Research Service
=830  \0$aAgriculture handbook (United States. Department of Agriculture) ;$vno. 611.
=830  \0$aAgriculture handbook (United States. Department of Agriculture) ;$v611.
=098  98$aA1.76:611
=951  \\$107$aCFU01:000516915;$5FOFT
=951  \\$102$aFAU01:000403234;$5FBoU
=951  \\$104$aFIU01:000968654;$5FMFIU
=951  \\$109$aNFU01:000246596;$5FJUNF
=951  \\$110$aSFU01:000658187;$5FTS
=951  \\$108$aUFU01:001326734;$5FU

