=LDR  03672nam a22005291a 4500
=001  020856630
=005  20110209134515.0
=006  m\\\\\\\\d\f\\\\\\
=007  cr\bn\mmmapmmp
=008  091020s1984\\\\dcua\\\\s\\\\f000\0\eng\d
=035  \\$a(CIS)cis2007459873
=040  \\$aLexisNexis$cLexisNexis
=043  \\$an-us-il
=074  \\$a1043-A, 1043-B (microfiche)
=074  \\$a1009-B-1, 1009-C-1 (microfiche)
=086  0\$aY 4.Ag 4:S.hrg.98-938
=086  0\$aY 4.L 11/4:S.hrg.99-576
=099  \\$aHRG-1986-LHR-0001
=099  \\$aHRG-1984-AGS-0009
=110  1\$aUnited States.$bCongress.$bSenate.$bSpecial Committee on Aging
=245  10$aLong-term care$h[electronic resource] :$ba look at home and community-based services : hearing before the Special Committee on Aging, United States Senate, Ninety-eighth Congress, second session, Granite City, IL, April 13, 1984.
=260  \\$aWashington :$bU.S. G.P.O.,$c1984.
=300  \\$aiii, 45 p. :$bill. ;$c24 cm.
=490  1\$aS. hrg. ;$v98-938$5FU
=490  1\$aS. hrg. ;$v99-576$5FTaSU
=500  \\$aHRG-1984-AGS-0009$5FU
=500  \\$aRecord is based on bibliographic data in LexisNexis Congressional Hearings Digital Collection. Reuse except for individual research requires license from LexisNexis Academic & Library Solutions.$5FU$5FTaSU
=533  \\$aElectronic reproduction.$b[Bethesda, Md.] :$cLexisNexis Academic & Library Solutions,$d2004.$edigital, PDF file.$nLexisNexis U.S. Congressional Hearings Digital Collection.$nMode of access: World Wide Web via LexisNexis website.$5FU$5FTaSU
=538  \\$aSystem requirements: PDF reader software.$5FU$5FTaSU
=610  10$aUnited States.$bAction$xAppropriations and expenditures.
=610  20$aVolunteers in Service to America$xAppropriations and expenditures.
=650  \0$aCommunity health services for older people$zIllinois.
=650  \0$aHome care services$zIllinois.
=650  \0$aLong-term care of the sick$zIllinois.
=650  \0$aOlder people$xHome care$zIllinois.
=651  \0$aUnited States$xAppropriations and expenditures.
=730  0\$aLexisNexis U.S. Congressional Hearings Digital Collection.
=776  08$iPrint version:$aUnited States. Congress. Senate. Special Committee on Aging.$tLong-term care$w(OCoLC)11319825$wgp 85003852
=776  08$iMicrofiche version:$aUnited States. Congress. Senate. Special Committee on Aging.$tLong-term care.$d[Bethesda, Md.] : LexisNexis Academic & Library Solutions,[2004]$oCIS 85 S141-1$w(LexisNexis)cis08501887
=776  08$iMicrofiche version:$aUnited States. Congress. Senate. Committee on Labor and Human Resources. Subcommittee on Children, Family, Drugs and Alcoholism$tReauthorization of the Domestic Volunteer Service Act of 1973.$d[Bethesda, Md.] : LexisNexis Academic & Library Solutions,[2004]$oCIS 86 S541-36$w(LexisNexis)cis08602647
=776  08$iPrint version:$aUnited States. Congress. Senate. Committee on Labor and Human Resources. Subcommittee on Children, Family, Drugs and Alcoholism$tReauthorization of the Domestic Volunteer Service Act of 1973$w(OCoLC)13712171$wgp 86016458
=810  1\$aUnited States.$bCongress.$bSenate.$tS. hrg. ;$v99-576.
=810  1\$aUnited States.$bCongress.$bSenate.$tS. hrg. ;$v98-938.
=856  40$yConnect to FSU E-BOOK$uhttps://login.proxy.lib.fsu.edu/login?url=http://congressional.proquest.com/congcomp/getdoc?HEARING-ID=HRG-1986-LHR-0001$5FTaSU
=856  40$uhttp://congressional.proquest.com/congcomp/getdoc?HEARING-ID=HRG-1984-AGS-0009$yClick here for full text$zLicensed for access by UF students, faculty, staff and other registered users.$5FU
=951  \\$105$aFSU01:002655930;$5FTaSU
=951  \\$108$aUFU01:005030221;$5FU

