=LDR  01993nam a22005058a 4500
=001  020864901
=005  20050416123957.0
=008  880713s1988\\\\nyu\\\\\\bd\\\001\0deng\\
=010  \\$a   88021393 
=019  \\$a20026828
=020  \\$a0824084497 (alk. paper)
=035  \\$a(OCoLC)18291660
=040  \\$aDLC$cDLC
=043  \\$ae-uk---
=050  0\$aPR111$b.S34 1988
=082  0\$a820/.9/9287$219
=100  1\$aSchlueter, Paul,$d1933-
=245  10$aEncyclopedia of British women writers /$cedited by Paul Schlueter, June Schlueter.
=260  \\$aNew York :$bGarland,$c1988.
=300  \\$axvi, 516 p. ;$c27 cm.
=440  \0$aGarland reference library of the humanities ;$vv. 818$5FU$5FMFIU
=440  \0$aGarland reference library of the humanities ;$vvol. 818$5FFmFGC$5FTaSU$5FSsNC$5FTS$5FOFT
=490  0\$aGarland reference library of the humanities ;$vvol. 818$5FPeU
=490  0\$aGarland reference library of the humanities ;$vv. 818$5FBoU
=500  \\$aIncludes bibliographies and index.$5FBoU
=500  \\$aIncludes index.$5FFmFGC$5FU$5FTS
=504  \\$aIncludes bibliographies and index.
=650  \0$aWomen and literature$zGreat Britain$xBibliography.
=650  \0$aEnglish literature$xWomen authors$vBibliography.
=650  \0$aWomen authors, English$xBiography$vDictionaries.
=650  \0$aEnglish literature$xWomen authors$vDictionaries.
=650  \0$aWomen and literature$zGreat Britain$vDictionaries.
=700  1\$aSchlueter, Paul,$d1933-
=700  1\$aSchlueter, June.
=830  \0$aGarland reference library of the humanities ;$vv. 818
=951  \\$107$aCFU01:000355933;$5FOFT
=951  \\$102$aFAU01:000334283;$5FBoU
=951  \\$104$aFIU01:000373414;$5FMFIU
=951  \\$105$aFSU01:001020120;$5FTaSU
=951  \\$103$aGCU01:000017210;$5FFmFGC
=951  \\$106$aNCU01:000108926;$5FSsNC
=951  \\$109$aNFU01:000286303;$5FJUNF
=951  \\$110$aSFU01:000682318;$5FTS
=951  \\$108$aUFU01:001068520;$5FU
=951  \\$111$aWFU01:000289035;$5FPeU

