=LDR  01689cam a2200457I  4500
=001  020871422
=005  20080728132801.0
=008  721213s1956\\\\mau\\\\\\\\\\\000\0\engm\
=010  \\$a   56014513 /L
=019  \\$a8331720
=035  \\$a(OCoLC)00253692
=040  \\$aDLC$cWSU$dSER$dFTU
=043  \\$an-us---
=050  0\$aJK146$b.L35 1956
=082  0\$a342.73
=090  \\$aJK146$b.L35 1956
=090  \\$aE169.1$b.P7 no.4
=099  \\$a973.082$aP962$av.1$a1956
=100  1\$aLatham, Earl,$eed.
=245  14$aThe Declaration of Independence and the Constitution.
=250  \\$aRev. ed.
=260  \\$aBoston,$bHeath$c[1956]
=300  \\$a126 p.$c24 cm.
=440  \0$aProblems in American civilization; readings selected by the Dept. of American Studies, Amherst College$5FU
=440  \0$aProblems in American civilization$5FOFT$5FBoU$5FMFIU
=440  \0$aProblems in American civilization,$vno. 4$5FTS
=490  0\$aProblems in American civilization, no. 4$5FSsNC
=490  1\$aProblems in American civilization; readings selected by the Dept. of American Studies, Amherst College$5FJUNF
=610  10$aUnited States.$tDeclaration of Independence.
=610  10$aUnited States.$tConstitution.
=650  \0$aConstitutional history$zUnited States.
=650  \0$aConstitutions$zUnited States.
=651  \0$aUnited States$xConstitution.
=830  \0$aProblems in American civilization.
=951  \\$107$aCFU01:000033394;$5FOFT
=951  \\$102$aFAU01:000045662;$5FBoU
=951  \\$104$aFIU01:000043332;$5FMFIU
=951  \\$106$aNCU01:000051454;$5FSsNC
=951  \\$109$aNFU01:000039165;$5FJUNF
=951  \\$110$aSFU01:000383175;$5FTS
=951  \\$108$aUFU01:001594155;$5FU

