=LDR  03331cam a22004454a 4500
=001  020881279
=005  20080521084316.0
=008  061013s2007\\\\njua\\\\\b\\\\001\0\eng\\
=010  \\$a2006034299
=016  7\$a101289873$2DNLM
=020  \\$a1588295338 (alk. paper)
=020  \\$a9781588295330 (alk. paper)
=035  \\$a(OCoLC)73502833
=040  \\$aDNLM/DLC$cDLC$dBAKER$dNLM$dBTCTA$dC#P$dYDXCP$dCOU$dAGL$dFUH
=042  \\$apcc
=050  00$aQP552.C42$bA347 2007
=060  10$aW1$bME9616J v. 370 2007
=060  10$aQU 25$bA234 2007
=070  0\$aQP552.C42$bA347 2007
=082  00$a572/.4$222
=096  \\$aQH506$b.M5922 v.370 2007
=245  00$aAdhesion protein protocols.
=250  \\$a2nd ed. /$bedited by Amanda S. Coutts.
=260  \\$aTotowa, N.J. :$bHumana Press,$cc2007.
=300  \\$ax, 234 p. :$bill. (some col.) ;$c24 cm.
=490  1\$aMethods in molecular biology,$x1064-3745 ;$vv.370$5FU
=490  1\$aMethods in molecular biology,$x1064-3745 ;$v370$5FOFT
=504  \\$aIncludes bibliographical references and index.
=505  0\$aManipulation of cell-cell adhesion using bowtie-shaped microwells / Celeste M. Nelson, Wendy F. Liu, and Christopher S. Chen -- Separation of cell-cell adhesion complexes by differential centrifugation / Roger Vogelmann and W. James Nelson -- Analysis of neutrophil chemotaxis / Paul A. Nuzzi, Mary A. Lokuta, and Anna Huttenlocher -- Analysis of leukocyte migration through monolayers of cultured endothelial cells / Helen M. McGettrick, Lynn M. Butler, and Gerard B. Nash -- Biochemical purification of pseudopodia from migratory cells / Yingchung Wang and Richard L. Klemke -- Dynamic assessment of cell-matrix mechanical interactions in three-dimensional culture / W. Matthew Petroll -- Quantitative analyses of cell adhesion strength / Nathan D. Gallant and Andrés J. García -- Using RNA interference to knock down the adhesion protein TES / Elen Griffith -- Assaying calpain activity / Neil O. Carragher -- Analysis of focal adhesions and cytoskeleton by custom microarray / Matthew J. Dalby and Stephen J. Yarwood -- Proteomic analysis of cell suface membrane proteins in leukemic cells / Robert S. Boyd, Martin J.S. Dyer, and Kelvin Cain -- Bioinformatic analysis of adhesion proteins / Josephine C. Adams and Juergen Engel -- Analysis of integrin dynamics by fluorescence recovery after photobleaching / Bernhard Wehrle-Haller -- Double-hydrogel substrate as a model system for three-dimensional cell culture / Karen A. Beningo and Yu-li Wang -- In vitro actin assembly assays and purification from acanthamoeba / J. Bradley Zuchero.$5FU$5FOFT
=530  \\$aAlso available via the World Wide Web.$5FU$5FOFT
=650  \0$aCell adhesion molecules$vLaboratory manuals.
=650  12$aCell Adhesion$vLaboratory Manuals.
=650  22$aCell Adhesion Molecules$vLaboratory Manuals.
=700  1\$aCoutts, Amanda S.
=830  \0$aMethods in molecular biology (Clifton, N.J.) ;$vv. 370.
=856  41$3Table of contents only$uhttp://www.loc.gov/catdir/toc/ecip072/2006034299.html$5FU
=856  42$3Publisher description$uhttp://www.loc.gov/catdir/enhancements/fy0826/2006034299-d.html$5FU
=856  42$yTable of contents only$uhttp://www.loc.gov/catdir/toc/ecip072/2006034299.html$5FOFT
=951  \\$107$aCFU01:001385827;$5FOFT
=951  \\$108$aUFU01:004135733;$5FU

