=LDR  01104nam a2200337I  4500
=001  020887528
=005  20110322123842.0
=008  720307s1960\\\\mau\\\\\\b\\\\000|0\eng\\
=010  \\$a   60003883 
=035  \\$a(OCoLC)00256821
=040  \\$cWIT$dFTU
=050  0\$aE169.1$b.S265
=082  0\$a917.3
=090  \\$aE169.1$b.S265
=092  \\$a917.3$bS253n
=100  1\$aSatin, Joseph Henry,$d1920-$eed.
=245  14$aThe 1950's: America's placid decade.
=260  \\$aBoston$bHoughton Mifflin$c[1960]
=300  \\$a223 p. ;$c25 cm.
=440  \0$aHoughton Mifflin research series ;$vno. 6$5FOFT$5FTaSU$5FTS
=490  0\$aHoughton Mifflin research series$vno. 6$5FU
=490  0\$aHoughton Mifflin research series, no. 6$5FMFIU
=504  \\$aBibliography: p. 203-210.
=650  \0$aNational characteristics, American.
=651  \0$aUnited States$xCivilization.
=740  0\$aAmerica's placid decade.
=951  \\$107$aCFU01:000033998;$5FOFT
=951  \\$104$aFIU01:000043931;$5FMFIU
=951  \\$105$aFSU01:000058075;$5FTaSU
=951  \\$110$aSFU01:000063303;$5FTS
=951  \\$108$aUFU01:000030241;$5FU

