=LDR  03592cam a2200601 a 4500
=001  020896248
=005  20111212075248.0
=008  080625s2007\\\\dcua\\\\\\\\\f001\0deng\c
=020  \\$a9780160797620
=020  \\$a0160797624
=020  \\$a9780160797620 :$c{dollar}42.00
=020  \\$a0160797624 :$c{dollar}42.00
=035  \\$a(MARCIVE)tmp97366441
=035  \\$a(OCoLC)232605421
=035  \\$atmp97366441
=037  \\$a052-071-01472-1$bGPO
=040  \\$aGPO$cGPO$dULN$dILI$dAFQ$dAU@$dSEO$dGPO$dMvI
=042  \\$apcc
=043  \\$an-us---
=050  \4$aE865$b.M45 2007
=074  \\$a1004-E(online)
=074  \\$a1004-E
=086  0\$aY 1.1/7: 110-61
=086  0\$aY 1.1/2:SERIAL 15117
=245  00$aMemorial services in the Congress of the United States and tributes in eulogy of Gerald R. Ford, late a President of the United States /$ccompiled under the direction of the Joint Committee on Printing.
=246  14$aGerald R. Ford, late a President of the United States, memorial tributes delivered in Congress
=246  18$aGerald R. Ford, 1913-2006
=260  \\$aWashington :$bU.S. G.P.O. :$b[Supt. of Docs., U.S. G.P.O., distributor],$c2007.
=300  \\$acxxxiv, 74 p. :$bill. ;$c27 cm.
=440  \0$a[United States congressional serial set ;$vserial no.] 15117$5FTaSU$5FU$5FPeU$5FOFT
=490  1\$aHouse document / 110th Congress, 1st session ;$vno. 110-61$5FTaSU$5FBoU$5FU$5FPeU$5FJUNF$5FTaFA$5FOFT$5FMFIU
=490  1\$a[United States congressional serial set ;$vserial no.] 15117$5FBoU$5FTaFA$5FMFIU
=500  \\$aIncludes index.$5FTaSU$5FBoU$5FU$5FPeU$5FJUNF$5FTaFA$5FOFT$5FMFIU
=500  \\$aShipping list no.: 2008-0295-P.$5FTaSU$5FBoU$5FU$5FPeU$5FTaFA$5FOFT$5FMFIU
=505  0\$aBiography -- Funeral services for the late Gerald R. Ford -- Naming ceremony of the U.S.S. Gerald R. Ford -- Memorial tributes in the House of Representatives of the United States -- Memorial tributes in the Senate of the United States -- Index.$5FTaSU$5FBoU$5FPeU$5FJUNF$5FTaFA$5FMFIU
=520  \\$aA compilation of addresses and tributes as given in the United States House of Representatives and Senate plus such additional materials, including the texts of eulogies, messages, prayers, and scriptural selections delivered at the funeral services held in Palm Desert, CA, Washington, DC, and in Grand Rapids, MI, on the life, character, and public service of the late President Gerald R. Ford.
=530  \\$aAlso available via Internet from the GPO Access web site. Address as of 6/25/08: http://frwebgate.access.gpo.gov/cgi-bin/getdoc.cgi?dbname=110%5Fcong%5Fdocuments&docid=f:hd061.pdf; current access is available via PURL.$5FTaSU$5FBoU$5FU$5FPeU$5FTaFA$5FOFT$5FMFIU
=530  \\$aAlso available via Internet from the GPO Access web site. Current access is available via PURL.$5FJUNF
=600  10$aFord, Gerald R.,$d1913-2006.
=650  \0$aPresidents$zUnited States$vBiography.
=710  1\$aUnited States.$bCongress.$bJoint Committee on Printing.
=830  \0$a[United States congressional serial set ;$vserial no.] 15117.
=830  \0$aHouse document (United States. Congress. House) ;$v110-61.
=856  41$uhttp://purl.access.gpo.gov/GPO/LPS95813$5FTaSU$5FBoU$5FU$5FPeU$5FJUNF$5FTaFA$5FOFT$5FMFIU
=098  98$aY1.1/2:SERIAL15117
=951  \\$101$aAMU01:000776534;$5FTaFA
=951  \\$107$aCFU01:001436823;$5FOFT
=951  \\$102$aFAU01:001544071;$5FBoU
=951  \\$104$aFIU01:001440504;$5FMFIU
=951  \\$105$aFSU01:002525037;$5FTaSU
=951  \\$109$aNFU01:000718224;$5FJUNF
=951  \\$108$aUFU01:004182289;$5FU
=951  \\$111$aWFU01:000743913;$5FPeU

