=LDR  01865cam a22003971  4500
=001  020905561
=005  20150421001400.0
=008  820626s1964\\\\dcu\\\\\\\\\\\000|0\eng\d
=010  \\$a   64061482 
=019  \\$a2067318
=035  \\$a(OCoLC)14601681
=040  \\$aNLM$cNLM$dNCS$dOCLCQ$dFDA
=050  0\$aRA409$b.U44 no. 2
=060  00$aW2 A$bN148va no.2 1964
=086  \\$aHE 20.2210:1/2
=110  2\$aNational Center for Health Statistics (U.S.)
=245  10$aHealth survey procedure :$bconcepts, questionnaire development, and definitions in the health interview survey.
=246  30$aHealth interview survey
=260  \\$aWashington, D.C. :$bU.S. Dept. of Health, Education, and Welfare,Public Health Service,$c[1964]
=300  \\$a66 p.
=440  \0$aVital and health statistics.$nSer. 1,$pPrograms and collection procedures ;$vno. 2$5FMFIU
=490  0\$aVital and health statistics. Series 1, Programs and collection procedures ;$vno. 2$5FTaSU
=490  1\$aPHS pub. series 1. no. 2 ;$vno. 1000$5FTaSU
=500  \\$aPublic Health Service publication, no. 1000-Ser. 1-no. 2.$5FMFIU
=530  \\$aAlso available via Internet via CDC web site. Address as of 03/08/03: http://www.cdc.gov/nchs/data/series/sr%5f01/sr01%5f002acc.pdf; current access available via PURL.$5FTaSU
=610  10$aUnited States.$bPublic Health Survey.
=610  20$aNational Health Interview Survey (U.S.)$vStatistics.
=650  \0$aHealth surveys$zUnited States$xMethodology.
=650  \0$aHealth surveys.
=655  \7$aelectronic book$vdocument (federal)$2local
=710  1\$aUnited States.$bPublic Health Service
=740  0\$aHealth interview survey.
=830  \0$aPublic Health Service publication ;$vno. 1000,ser. 1, no. 2.
=856  41$uhttp://purl.access.gpo.gov/GPO/LPS27805$5FTaSU
=951  \\$104$aFIU01:000830650;$5FMFIU
=951  \\$105$aFSU01:002021773;$5FTaSU

