=LDR  02197cam a22004094a 4500
=001  020915947
=005  20090501115105.0
=008  080904s2008\\\\maub\\\\\b\\\\001\0\eng\\
=010  \\$a2008038612
=015  \\$aGBA8C2150$2bnb
=016  7\$a014783747$2Uk
=020  \\$a9781584657217 (cloth : alk. paper)
=020  \\$a1584657219 (cloth : alk. paper)
=035  \\$a(OCoLC)227929368
=040  \\$aDLC$cDLC$dBTCTA$dYDXCP$dBAKER$dUKM$dC#P$dBWX$dCDX$dVVC$dIXA
=043  \\$an-us---
=050  00$aHN90.V64$bM54 2008
=082  00$a302.3/5$222
=100  1\$aMilofsky, Carl.
=245  10$aSmallville :$binstitutionalizing community in twenty-first-century America /$cCarl Milofsky.
=260  \\$aMedford, Mass. :$bTufts University Press ;$aHanover :$bUniversity Press of New England,$cc2008.
=300  \\$a272 p. ;$c24 cm.
=490  1\$aCivil society: historical and contemporary perspectives$5FTaSU
=490  1\$aCivil society$5FTaFA$5FOFT$5FTS$5FMFIU
=504  \\$aIncludes bibliographical references (p. [249]-264) and index.
=505  0\$aWhere nonprofits come from -- The Wild River Institute and Smallville's social treasury -- Organizational phoenix: fighting the incinerator -- The love life of an alternative school -- Influx: institutionalizing a social problem -- How doctors act: the medical community as a network organization -- Cooptation of activist movements: the women's shelter and the AIDS organization -- Filling a structural hole: a religious program for delinquents helps the schools and the courts -- The Episcopal diocese as a mediating structure -- Transorganizations: new organizational perspectives for understanding community-level nonprofits.$5FJUNF$5FTaFA$5FOFT$5FTS
=593  \\$aPROMPTCAT
=650  \0$aVoluntarism$zUnited States$vCase studies.
=650  \0$aNonprofit organizations$zUnited States$vCase studies.
=650  \0$aCommunity organization$zUnited States$vCase studies.
=830  \0$aCivil society.
=951  \\$101$aAMU01:000856261;$5FTaFA
=951  \\$107$aCFU01:001464756;$5FOFT
=951  \\$104$aFIU01:001492011;$5FMFIU
=951  \\$105$aFSU01:002525676;$5FTaSU
=951  \\$109$aNFU01:000726146;$5FJUNF
=951  \\$110$aSFU01:001990819;$5FTS

