=LDR  01326nam a22003851  4500
=001  020926320
=005  20090722114829.0
=008  711013s1966\\\\nyu\\\\\\b\\\\000\0\eng\\
=010  \\$a   66016120 
=035  \9$a(OCoLC)00275189
=040  \\$aDLC$cDLC$dFHM
=050  0\$aPQ2247$b.B8
=082  0\$a843.8
=090  \\$aPQ2247$b.B8
=092  \\$a843.8$bF587Ybu
=100  1\$aBuck, Stratton,$d1906-
=245  10$aGustave Flaubert.
=260  \\$aNew York,$bTwayne Publishers$c[1966]
=300  \\$a153 p.$c21 cm.
=490  0\$aTwayne's world authors series,$v3. France$5FBoU
=490  0\$aTwayne's world authors series, 3. France$5FTaFA$5FOFT$5FPeU$5FJUNF$5FFmFGC$5FTaSU$5FTS$5FU
=504  \\$aBibliography: p. 149-150.
=600  10$aFlaubert, Gustave,$d1821-1880.
=600  10$aFlaubert, Gustave,$d1821-1880$xCriticism and interpretation.
=830  \0$aTwayne's world authors series ;$vTWAS 3.
=830  \0$aTwayne's world authors series.$pFrance.
=951  \\$101$aAMU01:000035741;$5FTaFA
=951  \\$107$aCFU01:000036585;$5FOFT
=951  \\$102$aFAU01:000950947;$5FBoU
=951  \\$105$aFSU01:000062492;$5FTaSU
=951  \\$103$aGCU01:000028640;$5FFmFGC
=951  \\$109$aNFU01:000042701;$5FJUNF
=951  \\$110$aSFU01:000068463;$5FTS
=951  \\$108$aUFU01:000788408;$5FU
=951  \\$111$aWFU01:000043678;$5FPeU

