=LDR  00938nam a2200253I  4500
=001  020937476
=005  20071031152139.0
=008  720323s1935\\\\iau\\\\\\\\\\\000|0\eng\u
=035  \\$a(OCoLC)00269492
=040  \\$cYNG$dFTU
=090  \\$aML3830$b.I71 vol. 2
=100  1\$aStanton, Hazel Martha,$d1890-
=245  10$aMeasurement of musical talent:$bThe Eastman experiment.$cEdited by Carl E. Seashore.
=246  30$aEastman experiment
=260  \\$aIowa, City, Ia.,$bThe University,$c1935.
=300  \\$a140 p.$bdiagrs.
=490  0\$aIowa. University. Studies in the psychology of music, vol. 2.$5FOFT
=490  0\$aUniversity of Iowa studies. New series, no.291.$5FOFT
=504  \\$aBibliography: p.[139]-140.
=650  \0$aMusic$xPsychological aspects.
=650  \0$aEducational tests and measurements.
=700  1\$aSeashore, Carl E.$q(Carl Emil),$d1866-1949,$eed.
=710  1\$aEastman School of Music.
=951  \\$107$aCFU01:000035919;$5FOFT

