=LDR  01737cam a2200421Oa 4500
=001  020947665
=005  20120623060200.0
=007  hd\afb|||baca
=008  890516s1989\\\\miu\\\\\ab\\\\000|\\eng\d
=010  \\$a   90012304 
=019  \\$a21429598
=020  \\$a1556551088
=035  \\$a(OCoLC)37457626
=040  \\$cTXA
=050  00$aMicrofilm 97/248 (H)
=050  10$aHV6431$b.T4 1989
=082  00$a303.6/25$220
=099  \\$aFilm$a9197
=245  00$aTerrorism$hmicroform :$bspecial studies, 1985-1988$pfirst supplement.
=260  \\$aFrederick, MD :$bUniversity Publications of America,$cc1989.
=300  \\$a5 microfilm reels :$bill. ;$c35 mm.
=490  0\$aSpecial studies series$5FTaSU
=490  1\$a[The Special studies series]$5FOFT
=500  \\$aAccompanied by printed guide compiled by Eric Gallagher with title: A guide to the microfilm edition of Terrorism.$5FOFT
=533  \\$aMicrofilm.$bBethesda, MD:$cUniversity Publications of America,$d1989$e5 microfilm reels; 35 mm.$5FOFT
=590  \\$aAccompanied by printed reel guide shelved separately under: Micr HV6431 .G84 1989.$5FTaSU
=650  \0$aTerrorism.
=700  1\$aGallagher, Eric,$d1963-
=700  1\$aMurphy, Gregory,$d1960-
=700  1\$aDavis, Michael C.,$d1953-
=710  2\$aUniversity Publications of America (Firm)
=710  2\$aUniversity Publications of America, Inc.
=740  0\$aTerrorism, special studies series, 1985-1988$hmicroform
=740  02$aGuide to the microfilm edition of Terrorism.
=830  \0$aSpecial studies series (University Publications of America (Firm))
=830  \0$aSpecial studies series (University Publications of America, Inc.)
=951  \\$107$aCFU01:000845299;$5FOFT
=951  \\$105$aFSU01:001018982;$5FTaSU

