=LDR  03621nam a22005171a 4500
=001  020955857
=005  20110209212933.0
=006  m\\\\\\\\d\f\\\\\\
=007  cr\bn\mmmapmmp
=008  091020s1987\\\\dcua\\\\sb\\\f000\0\eng\d
=035  \\$a(CIS)cis2007462811
=040  \\$aLexisNexis$cLexisNexis
=043  \\$an-us---
=074  \\$a1046-B, 1046-C (microfiche)
=074  \\$a1000-B, 1000-C (microfiche)
=086  0\$aY 4.Ec 7:H 34/5
=086  0\$aY 4.R 86/2:S.hrg.100-336
=099  \\$aHRG-1986-ECJ-0016
=099  \\$aHRG-1987-RAS-0002
=110  1\$aUnited States.$bCongress.$bJoint Economic Committee.$bSubcommittee on Investment, Jobs, and Prices.
=245  10$aDeclining federal health and safety standards$h[electronic resource] :$bfire safety : hearing before the Subcommittee on Investment, Jobs, and Prices of the Joint Economic Committee, Congress of the United States, Ninety-ninth Congress, second session, July 28, 1986.
=260  \\$aWashington :$bU.S. G.P.O.,$c1987.
=300  \\$aiv, 370 p. :$bill. ;$c24 cm.
=490  1\$aS. hrg. ;$v99-1081$5FU
=490  1\$aS. hrg. ;$v100-336$5FTaSU
=500  \\$aHRG-1986-ECJ-0016$5FU
=500  \\$aRecord is based on bibliographic data in LexisNexis Congressional Hearings Digital Collection. Reuse except for individual research requires license from LexisNexis Academic & Library Solutions.$5FU$5FTaSU
=504  \\$aIncludes bibliographical references.
=533  \\$aElectronic reproduction.$b[Bethesda, Md.] :$cLexisNexis Academic & Library Solutions,$d2004.$edigital, PDF file.$nLexisNexis U.S. Congressional Hearings Digital Collection.$nMode of access: World Wide Web via LexisNexis website.$5FU$5FTaSU
=538  \\$aSystem requirements: PDF reader software.$5FU$5FTaSU
=650  \0$aLegislative hearings$zUnited States.
=650  \0$aClosed captioning$zUnited States.
=650  \0$aFederal aid to fire prevention$zUnited States.
=650  \0$aIndustrial safety.
=650  \0$aFire prevention$zUnited States.
=730  0\$aLexisNexis U.S. Congressional Hearings Digital Collection.
=776  08$iMicrofiche version:$aUnited States. Congress. Joint Economic Committee. Subcommittee on Investment, Jobs, and Prices.$tDeclining federal health and safety standards.$d[Bethesda, Md.] : LexisNexis Academic & Library Solutions,[2004]$oCIS 87 J841-19$w(LexisNexis)cis08701520
=776  08$iMicrofiche version:$aUnited States. Congress. Senate. Committee on Rules and Administration.$tCaptioning of television broadcasts from the Senate chamber.$d[Bethesda, Md.] : LexisNexis Academic & Library Solutions,[2004]$oCIS 88 S681-1$w(LexisNexis)cis08802732
=776  08$iPrint version:$aUnited States. Congress. Senate. Committee on Rules and Administration.$tCaptioning of television broadcasts from the Senate chamber$w(OCoLC)17396528$wgp 88007611
=776  08$iPrint version:$aUnited States. Congress. Joint Economic Committee. Subcommittee on Investment, Jobs, and Prices.$tDeclining federal health and safety standards$w(OCoLC)16014187$wgp 87014915
=810  1\$aUnited States.$bCongress.$bSenate.$tS. hrg. ;$v100-336.
=810  1\$aUnited States.$bCongress.$bSenate.$tS. hrg. ;$v99-1081.
=856  40$yConnect to FSU E-BOOK$uhttps://login.proxy.lib.fsu.edu/login?url=http://congressional.proquest.com/congcomp/getdoc?HEARING-ID=HRG-1987-RAS-0002$5FTaSU
=856  40$uhttp://congressional.proquest.com/congcomp/getdoc?HEARING-ID=HRG-1986-ECJ-0016$yClick here for full text$zLicensed for access by UF students, faculty, staff and other registered users.$5FU
=951  \\$105$aFSU01:002658870;$5FTaSU
=951  \\$108$aUFU01:005033226;$5FU

