=LDR  01541cam a2200409   4500
=001  020964238
=005  20090722163954.0
=008  720327s1971\\\\enka\\\\\b\\\\001|0\eng\\
=010  \\$a   73144138 
=020  \\$a0080165230
=035  \9$a(OCoLC)00286736
=040  \\$aDLC$cDLC$dFTU
=050  0\$aSH351.S3$bC84 1971
=082  0\$a639/.27/55
=090  \\$aSH351.S3$bC84 1971
=090  \\$aQL1$b.I5 v.48
=100  1\$aCulley, Michael.
=245  14$aThe Pilchard; biology and exploitation.
=250  \\$a[1st ed.]
=260  \\$aOxford,$aNew York,$bPergamon Press$c[1971]
=300  \\$aix, 241 p.$billus. (part col.)$c26 cm.
=490  0\$aInternational series of monographs in pure and applied biology. Division: Zoology, v. 48$5FTaFA$5FBoU$5FMFIU
=490  1\$aInternational series of monographs in pure and applied biology. Division, Zoology ;$vv. 48$5FOFT$5FTaSU
=504  \\$aBibliography: p. 228-235.
=650  \0$aSardinops sagax.
=650  \0$aSardinops ocellata.
=650  \0$aPacific sardine.
=650  \0$aEuropean pilchard.
=650  \0$aSardine fisheries.
=830  \0$aInternational series of monographs on pure and applied biology.$pDivision: Zoology,$vv. 48
=830  \0$aInternational series of monographs on pure and applied biology.$pDivision, Zoology ;$vv. 48.
=951  \\$101$aAMU01:000036947;$5FTaFA
=951  \\$107$aCFU01:000038002;$5FOFT
=951  \\$102$aFAU01:000051450;$5FBoU
=951  \\$104$aFIU01:000048726;$5FMFIU
=951  \\$105$aFSU01:000065379;$5FTaSU
=951  \\$109$aNFU01:000044576;$5FJUNF

