=LDR  01394nam a22004091  4500
=001  020974564
=005  20090504094103.0
=008  731212c19671966nyu\\\\\\b\\\\000\0\eng\\
=010  \\$a   66024147 
=019  \\$a1079484
=035  \9$a(OCoLC)00291914
=040  \\$aDLC$cDLC$dFDA
=050  0\$aPS3563.A4$bZ87
=050  00$aPS3563.A4$bZ87 1966
=082  0\$a813.54
=092  \\$a813.5$bM236Yr
=100  1\$aRichman, Sidney.
=245  10$aBernard Malamud.
=260  \\$aNew York,$bTwayne Publishers$c[c1966]
=300  \\$a160 p.$c21 cm.
=440  \0$aTwayne's United States authors series,$v109$5FFmFGC
=490  0\$aTwayne's United States authors series, 109$5FTaFA$5FJUNF$5FBoU$5FTaSU$5FPeU$5FOFT
=490  1\$aTwayne's United States authors series,$v109$5FMFIU$5FTS
=504  \\$aBibliography: p. 150-153.
=600  10$aMalamud, Bernard.
=600  10$aMalamud, Bernard$xCriticism and interpretation.
=830  \0$aTwayne's United States authors series,$vTUSAS 109.
=951  \\$101$aAMU01:000037279;$5FTaFA
=951  \\$107$aCFU01:000220523;$5FOFT
=951  \\$102$aFAU01:000052202;$5FBoU
=951  \\$104$aFIU01:000049409;$5FMFIU
=951  \\$105$aFSU01:000548216;$5FTaSU
=951  \\$103$aGCU01:000029666;$5FFmFGC
=951  \\$109$aNFU01:000045261;$5FJUNF
=951  \\$110$aSFU01:000073121;$5FTS
=951  \\$108$aUFU01:000790499;$5FU
=951  \\$111$aWFU01:000223893;$5FPeU

