=LDR  03352cam a22005178a 4500
=001  020986712
=005  20050204130029.0
=008  910403s1991\\\\mauc\\\\\b\\\\001|0\eng\\
=010  \\$a91014647
=020  \\$a0805776370
=020  \\$a0805776370 (alk. paper)
=035  \\$a(OCoLC)23583395
=040  \\$aDLC$cDLC$dDAY$dFUG$dOrLoB-B
=050  00$aPS3554.I398$bZ87 1991
=082  00$a818/.5409$220
=100  1\$aSmith, Linda L.
=245  10$aAnne Dillard/$cby Linda L. Smith.
=260  \\$aBoston :$bTwayne Publishers,$cc1991.
=300  \\$axiv, 151 p. :$bport. ;$c23 cm.
=440  \0$aTwayne's United States authors series ;$vTUSAS 588$5FFmFGC$5FTaSU$5FTS$5FMFIU
=490  0\$aTwayne's United States authors series ;$vTUSAS 588$5FBoU
=490  1\$aTwayne's United States authors ;$vTUSAS 588$5FU
=504  \\$aIncludes bibliographical references (p. 136-146) and index.
=520  1\$a"Annie Dillard's reputation as one of America's outstanding essayists was established with Pilgrim at Tinker Creek, which won the Pulitzer Prize in 1975 and was hailed as a masterpiece in the tradition of Thoreau's Walden. Dillard's writing is directly descended from the transcendentalists, but her essays address contemporary issues ranging from theology, philosophy', aesthetics, and history to community, memory, imagination, and spirituality. She has published six prose books since Pilgrim at Tinker Greek, among them Teaching a Stone to Talk, Living by Fiction, and The Writing Life." "In Annie Dillard Linda L. Smith provides an essential framework for the study of Dillard's life and writings. Smith lucidly traces the major themes in Dillard's work, notably her attempt to reconcile life's beauty with its horror, her concern with every aspect of consciousness, and her meditation on how life should be lived in the face of suffering and death. Inherent in all Dillard's work, Smith argues, is a return to spiritual concerns and a preoccupation with the nature of human consciousness, both beautifully expressed in an inimitable style. In emphasizing Dillard's vision of the natural and spiritual worlds, Smith provides a new appreciation of Dillard's lasting achievements, as well as an inspiring introduction to one of America's most talented and invigorating stylists."--BOOK JACKET.
=600  10$aDillard, Annie$xCriticism and interpretation.
=830  \0$aTwayne's United States authors series ;$vTUSAS 588.
=970  01$tPreface
=970  01$tAcknowledgments
=970  01$tChronology
=970  11$lCh. 1$tCountry Clubs, Girls' Schools, and That Kind of Stuff$p1
=970  11$lCh. 2$tWe Wake, if at All, to Mystery$p16
=970  11$lCh. 3$tTeach Us to Pray$p54
=970  11$lCh. 4$tHeld Fast by Love in the World$p68
=970  11$lCh. 5$tQuit Your Tents--Pray without Ceasing$p85
=970  11$lCh. 6$tHolding up the Universe$p103
=970  11$lCh. 7$tTesting Spirits with a Plumb Line$p116
=970  11$tConclusion: Prying out the Present, Tearing into the Future$p123
=970  01$tNotes and References$p129
=970  01$tSelected Bibliography$p136
=970  01$tIndex$p147
=951  \\$102$aFAU01:000441384;$5FBoU
=951  \\$104$aFIU01:000447377;$5FMFIU
=951  \\$105$aFSU01:001284785;$5FTaSU
=951  \\$103$aGCU01:000020364;$5FFmFGC
=951  \\$110$aSFU01:000893055;$5FTS
=951  \\$108$aUFU01:001685773;$5FU

