=LDR  01362cam a22003978a 4500
=001  020998034
=005  20120807160346.0
=008  831208s1984\\\\nyua\\\\\b\\\\001|0\eng\\
=010  \\$a   83025999 
=020  \\$a0471888001 (pbk.) :$c{dollar}17.95 (est.)
=020  \\$a0471888001 :$c{dollar}15.00 (est.)
=035  \\$a(OCoLC)10275984
=040  \\$aDLC$cDLC$dFNP
=050  1\$aRD598$b.C355 1984
=060  \\$aWY 152.5 C271
=060  \\$aWY 152.5 C271 1984
=082  0\$a610.73/677$219
=245  00$aCare of the adult cardiac surgery patient /$cedited by Patricia Turk Horvath.
=260  \\$aNew York :$bWiley,$c1984.
=300  \\$axiii, 320 p. :$bill. ;$c22 cm.
=440  \0$aCritical care nursing series$5FTaFA$5FU
=440  \2$aA Wiley medical publication$5FTaFA
=490  1\$aA Wiley medical publication$5FJUNF$5FU
=490  1\$aCritical care nursing series$5FJUNF
=504  \\$aIncludes bibliographies and index.
=650  \0$aTherapeutics, Surgical.
=650  \0$aHeart$xSurgery$xNursing.
=650  \2$aHeart surgery$xNursing.
=650  \2$aCritical care$xNursing.
=650  \2$aThoracic Surgery$xnursing
=700  1\$aHorvath, Patricia Turk,$d1952-
=830  \0$aWiley medical publication.
=830  \0$aCritical care nursing series.
=951  \\$101$aAMU01:000169766;$5FTaFA
=951  \\$109$aNFU01:000217841;$5FJUNF
=951  \\$108$aUFU01:000963795;$5FU

