=LDR  03004cam a2200397 a 4500
=001  021007052
=005  20050301095100.0
=008  911217s1993\\\\nyu\\\\\\d\\\\000\0\eng\\
=010  \\$a91047861 //r93
=020  \\$a0816021104 (alk. paper) :$c{dollar}24.95 ({dollar}31.95 Can.)
=020  \\$a0816021104 (alk. paper)
=035  \\$a(OCoLC)25095214
=040  \\$aDLC$cDLC$dFUG$dOrLoB-B
=043  \\$an-usu--
=050  00$aPE2926$b.H46 1993
=082  00$a427/975/03$220
=100  1\$aHendrickson, Robert,$d1933-
=245  10$aWhistlin' Dixie :$ba dictionary of southern expressions /$cRobert Hendrickson.
=260  \\$aNew York :$bFacts on File,$cc1993.
=300  \\$axxxi, 251 p. ;$c24 cm.
=440  \0$aFacts on File dictionary of American regional expressions ;$vv. 1$5FFmFGC$5FOFT
=490  0\$aFacts on File dictionary of American regional expressions ; v. 1$5FPeU
=490  1\$aFacts on File dictionary of American regional expressions ;$vv. 1$5FJUNF$5FTS$5FU$5FMFIU
=520  1\$a"At once lyrical and humorous, often gritty band always to the point, Southern speech has been elevated to an art form by those who live below the Mason-Dixon line. Where else would a beautiful woman be told she's burnin' a river or an idle person be referred to as born tired and raised lazy?" "Southern dialect springs from a variety of sources: Cajun, Creole, Gumbo, Gullah and Conch, to name a few. All converge to form a uniquely Southern mode of expression. Of the over 3,500 Southern-fried words and expressions contained in Whistlin' Dixie, many have become familiar as they have slipped into the American vocabulary, but many more remain exclusive to the South. All are explored here, with special emphasis on usage, pronunciation, historical and literary references, variations, etymology and locale of use." "Whistlin' Dixie is the first of five dictionaries comprising the Facts On File Encyclopedia of American Regionalisms. Each volume begins with an introduction to the region and its different dialects. The heart of the book defines words and regional expressions in a carefully documented, yet anecdotal fashion. Written by renowned language expert and writer Robert Hendrickson, Whistlin' Dixie is an important reference for writers and researchers, an invaluable resource for students and teachers and an irresistible treat for word buffs."--BOOK JACKET.
=650  \0$aEnglish language$zSouthern States$xTerms and phrases.
=650  \0$aEnglish language$zSouthern States$vDictionaries.
=650  \0$aPopular culture$zSouthern States$vDictionaries.
=650  \0$aAmericanisms$zSouthern States$vDictionaries.
=800  1\$aHendrickson, Robert,$d1933-$tFacts on File dictionary of American regional expressions$vv. 1
=951  \\$107$aCFU01:000533880;$5FOFT
=951  \\$104$aFIU01:000490907;$5FMFIU
=951  \\$103$aGCU01:000020963;$5FFmFGC
=951  \\$109$aNFU01:000376823;$5FJUNF
=951  \\$110$aSFU01:000925358;$5FTS
=951  \\$108$aUFU01:001894620;$5FU
=951  \\$111$aWFU01:000380605;$5FPeU

