=LDR  00914nam a2200289I  4500
=001  021013132
=005  20120623070800.0
=008  720424s1964\\\\nyu\\\\\\\\\\\000|1\eng\u
=010  \\$a   64004846 
=035  \\$a(OCoLC)00291421
=040  \\$cWSU$dFTU
=050  \\$aPS3545.I5365$bA17 1964
=090  \\$aPS3545.I5365$bA17 1964
=090  \\$aPS3545$b.I5365, A17 1964
=092  \\$a811.5$bW727i, 1964
=100  1\$aWilliams, Tennessee,$d1911-1983.
=245  10$aIn the winter of cities,$cpoems by Tennessee Williams.
=260  \\$aNew York$bNew Directions$c[1964]
=300  \\$a129 p.$c20 cm.
=490  0\$aA New Directions paperback$5FJUNF$5FU
=490  0\$a"ND 154."$5FJUNF
=490  0\$aA New Directions paperbook,$vND 154$5FTS
=500  \\$a"ND 154."$5FU
=951  \\$107$aCFU01:000038524;$5FOFT
=951  \\$109$aNFU01:000045206;$5FJUNF
=951  \\$110$aSFU01:000072968;$5FTS
=951  \\$108$aUFU01:000874190;$5FU

