=LDR  04195nam a22005411a 4500
=001  021017756
=005  20110210122927.0
=006  m\\\\\\\\d\f\\\\\\
=007  cr\bn\mmmapmmp
=008  091021s1989\\\\dcua\\\\sb\\\f000\0\eng\d
=035  \\$a(CIS)cis2007464498
=040  \\$aLexisNexis$cLexisNexis
=043  \\$an-us---
=074  \\$a1039-A, 1039-B (microfiche)
=074  \\$a1040-A, 1040-B (microfiche)
=086  0\$aY 4.F 76/2:S.hrg.100-967
=086  0\$aY 4.En 2:S.hrg.100-465
=099  \\$aHRG-1987-NAR-0040
=099  \\$aHRG-1988-FOR-0006
=110  1\$aUnited States.$bCongress.$bSenate.$bCommittee on Energy and Natural Resources.$bSubcommittee on Mineral Resources Development and Production.
=245  10$aNatural gas product valuation--NTL-5$h[electronic resource] :$bhearing before the Subcommittee on Mineral Resources Development and Production of the Committee on Energy and Natural Resources, United States Senate, One Hundredth Congress, first session on the proposal by the Department of the Interior to retroactively modify notice to lessees-5 (NTL-5) ... July 10, 1987.
=260  \\$aWashington :$bU.S. G.P.O.,$c1988.
=300  \\$aiii, 267 p. :$bill. ;$c24 cm.
=490  1\$aS. hrg. ;$v100-465$5FU
=490  1\$aS. hrg. ;$v100-967$5FTaSU
=500  \\$aHRG-1987-NAR-0040$5FU
=500  \\$aRecord is based on bibliographic data in LexisNexis Congressional Hearings Digital Collection. Reuse except for individual research requires license from LexisNexis Academic & Library Solutions.$5FU$5FTaSU
=504  \\$aBibliography: p. 159-160.
=533  \\$aElectronic reproduction.$b[Bethesda, Md.] :$cLexisNexis Academic & Library Solutions,$d2004.$edigital, PDF file.$nLexisNexis U.S. Congressional Hearings Digital Collection.$nMode of access: World Wide Web via LexisNexis website.$5FU$5FTaSU
=538  \\$aSystem requirements: PDF reader software.$5FU$5FTaSU
=610  10$aUnited States.$bDept. of the Interior.
=650  \0$aNatural gas$zUnited States.
=650  \0$aIndians of North America$xFinance.
=650  \0$aEconomic assistance, American$zDeveloping countries.
=650  \0$aOil and gas leases$zUnited States.
=651  \0$aDeveloping countries$xForeign economic relations$zUnited States.
=651  \0$aUnited States$xForeign economic relations$zDeveloping countries.
=730  0\$aLexisNexis U.S. Congressional Hearings Digital Collection.
=740  0\$aUS development assistance and environmentally sustainable development.
=776  08$iPrint version:$aUnited States. Congress. Senate. Committee on Foreign Relations. Subcommittee on International Economic Policy, Trade, Oceans, and Environment$tU.S. development assistance and environmentally sustainable development$w(OCoLC)19356762$wgp 89012329
=776  08$iMicrofiche version:$aUnited States. Congress. Senate. Committee on Foreign Relations. Subcommittee on International Economic Policy, Trade, Oceans, and Environment$tU.S. development assistance and environmentally sustainable development.$d[Bethesda, Md.] : LexisNexis Academic & Library Solutions,[2004]$oCIS 89 S381-11$w(LexisNexis)cis08902531
=776  08$iMicrofiche version:$aUnited States. Congress. Senate. Committee on Energy and Natural Resources. Subcommittee on Mineral Resources Development and Production.$tNatural gas product valuation--NTL-5.$d[Bethesda, Md.] : LexisNexis Academic & Library Solutions,[2004]$oCIS 88 S311-31$w(LexisNexis)cis08802125
=776  08$iPrint version:$aUnited States. Congress. Senate. Committee on Energy and Natural Resources. Subcommittee on Mineral Resources Development and Production.$tNatural gas product valuation--NTL-5$w(OCoLC)17646476$wgp 88010087
=810  1\$aUnited States.$bCongress.$bSenate.$tS. hrg. ;$v100-465.
=856  40$yConnect to FSU E-BOOK$uhttps://login.proxy.lib.fsu.edu/login?url=http://congressional.proquest.com/congcomp/getdoc?HEARING-ID=HRG-1988-FOR-0006$5FTaSU
=856  40$uhttp://congressional.proquest.com/congcomp/getdoc?HEARING-ID=HRG-1987-NAR-0040$yClick here for full text$zLicensed for access by UF students, faculty, staff and other registered users.$5FU
=951  \\$105$aFSU01:002661155;$5FTaSU
=951  \\$108$aUFU01:005035015;$5FU

