=LDR  03652nam a22005171a 4500
=001  021021902
=005  20110210124351.0
=006  m\\\\\\\\d\f\\\\\\
=007  cr\bn\mmmapmmp
=008  091020s1987\\\\dcu\\\\\s\\\\f000\0\eng\d
=035  \\$a(CIS)cis2007464614
=040  \\$aLexisNexis$cLexisNexis
=043  \\$an-us---
=074  \\$a1042-A, 1042-B (microfiche)
=074  \\$a1038-A, 1038-B (microfiche)
=086  0\$aY 4.F 49:S.hrg.100-343
=086  0\$aY 4.J 89/2:S.hrg.100-970
=088  \\$aSerial no. J-100-35 (United States. Congress. Senate. Committee on the Judiciary)
=099  \\$aHRG-1987-FNS-0027
=099  \\$aHRG-1987-SJS-0033
=110  1\$aUnited States.$bCongress.$bSenate.$bCommittee on Finance.
=245  10$aNomination of Laurence J. Whalen and Robert P. Ruwe$h[electronic resource] :$bhearing before the Committee on Finance, United States Senate, One Hundredth Congress, first session on nomination of Laurence J. Whalen, and Robert P. Ruwe to be judges on the United States Tax Court, November 3, 1987.
=260  \\$aWashington :$bU.S. G.P.O.,$c1987 [i.e. 1988]
=300  \\$aiii, 14 p. ;$c23 cm.
=490  1\$aS. hrg. ;$v100-970$5FTaSU
=490  1\$aS. hrg. ;$v100-343$5FU
=500  \\$aRecord is based on bibliographic data in LexisNexis Congressional Hearings Digital Collection. Reuse except for individual research requires license from LexisNexis Academic & Library Solutions.$5FU$5FTaSU
=500  \\$aHRG-1987-FNS-0027$5FU
=533  \\$aElectronic reproduction.$b[Bethesda, Md.] :$cLexisNexis Academic & Library Solutions,$d2004.$edigital, PDF file.$nLexisNexis U.S. Congressional Hearings Digital Collection.$nMode of access: World Wide Web via LexisNexis website.$5FU$5FTaSU
=538  \\$aSystem requirements: PDF reader software.$5FU$5FTaSU
=600  10$aWhalen, Laurence J.,$d1944-
=600  10$aRuwe, Robert Paul,$d1941-
=610  10$aUnited States.$bTax Court$xOfficials and employees$xSelection and appointment.
=650  \0$aJudges$zUnited States$xSelection and appointment.
=650  \0$aConsumer protection$zUnited States.
=650  \0$aAirlines$zUnited States.
=730  0\$aLexisNexis U.S. Congressional Hearings Digital Collection.
=776  08$iPrint version:$aUnited States. Congress. Senate. Committee on the Judiciary. Subcommittee on Antitrust, Monopolies, and Business Rights$tProblems in the airline industry$w(OCoLC)19294271$wgp 89009611
=776  08$iMicrofiche version:$aUnited States. Congress. Senate. Committee on the Judiciary. Subcommittee on Antitrust, Monopolies, and Business Rights$tProblems in the airline industry.$d[Bethesda, Md.] : LexisNexis Academic & Library Solutions,[2004]$oCIS 89 S521-13$w(LexisNexis)cis08902708
=776  08$iMicrofiche version:$aUnited States. Congress. Senate. Committee on Finance$tNomination of Laurence J. Whalen and Robert P. Ruwe.$d[Bethesda, Md.] : LexisNexis Academic & Library Solutions,[2004]$oCIS 88 S361-14$w(LexisNexis)cis08802355
=776  08$iPrint version:$aUnited States. Congress. Senate. Committee on Finance$tNomination of Laurence J. Whalen and Robert P. Ruwe$w(OCoLC)17592163$wgp 88010100
=810  1\$aUnited States.$bCongress.$bSenate.$tS. hrg. ;$v100-343.
=856  40$yConnect to FSU E-BOOK$uhttps://login.proxy.lib.fsu.edu/login?url=http://congressional.proquest.com/congcomp/getdoc?HEARING-ID=HRG-1987-SJS-0033$5FTaSU
=856  40$uhttp://congressional.proquest.com/congcomp/getdoc?HEARING-ID=HRG-1987-FNS-0027$yClick here for full text$zLicensed for access by UF students, faculty, staff and other registered users.$5FU
=951  \\$105$aFSU01:002661270;$5FTaSU
=951  \\$108$aUFU01:005035136;$5FU

