=LDR  02627cam a2200529Ia 4500
=001  021026037
=005  20050211093922.0
=008  920930s1992\\\\caua\\\\\b\\\\001|0\eng\d
=010  \\$a85644752
=020  \\$a1555427340 (alk. paper)
=035  \\$a(OCoLC)26703292
=040  \\$aNIE$cNIE$dXTA$dOrLoB-B
=043  \\$an-us---
=090  \\$aLB2305$b.N53 no.79
=090  \\$aLC427$b.A331 1992
=090  \\$aLB2331.72$b.N48 no. 79
=090  \\$aLB2325$b.N39 v. 20 no. 3
=092  \\$a377.8$bAGE
=245  00$aAgendas for church-related colleges and universities /$cDavid S. Guthrie, Richard L. Noftzger, Jr., editors.
=260  \\$aSan Francisco :$bJossey-Bass,$cc1992.
=300  \\$a101 p. ;$c23 cm.
=440  \0$aNew directions for higher education,$x0271-0560 ;$vno. 79$5FFmFGC$5FSsNC$5FU
=440  \0$aJossey-Bass higher and adult education series$5FTS
=490  0\$aNew directions for higher education,$x0271-0560 ;$vno. 79$5FBoU
=490  1\$aNew directions for higher education,$x0271-0560 ;$vno. 79 (fall 1992)$5FTS
=504  \\$aIncludes bibliographical references and index.
=650  \0$aChristian universities and colleges$zUnited States.
=650  \0$aChurch colleges$zUnited States.
=650  \0$aEducation, Higher$xAims and objectives.
=700  1\$aNoftzger, Richard L.
=700  1\$aGuthrie, David S.
=830  \0$aNew directions for higher education ;$vno. 79.
=970  01$tEditors' Notes$cDavid S. Guthrie$fGuthrie, David S.$cRichard L. Noftzger, Jr.$fNoftzger, Richard L.$p1
=970  11$l1$tMapping the Terrain of Church-Related Colleges and Universities$cDavid S. Guthrie$fGuthrie, David S.$p3
=970  11$l2$tMaking Sense of Church-Related Higher Education$cArthur J. De Jong$fDe Jong, Arthur J.$p19
=970  11$l3$tChurch-Related Colleges and Academics$cKenneth W. Shipps$fShipps, Kenneth W.$p29
=970  11$l4$tTo Those Who Teach at Christian Colleges$cRobert T. Sandin$fSandin, Robert T.$p43
=970  11$l5$tChurch-Related Campus Culture$cD. Terry Thomas$fThomas, D. Terry$p55
=970  11$l6$tChallenge of Leadership in the Church-Related College$cJames Gordon Kingsley$fKingsley, James Gordon$p65
=970  11$l7$tKeeping Faith with One Another$cGordon L. Van Harn$fVan Harn, Gordon L.$p75
=970  11$l8$tChurch-Related Colleges and Universities: An Agenda for the 1990s and Beyond$cRichard L. Noftzger, Jr.$fNoftzger, Richard L.$p85
=970  01$tIndex$p99
=951  \\$102$aFAU01:000466477;$5FBoU
=951  \\$103$aGCU01:000021540;$5FFmFGC
=951  \\$106$aNCU01:000119628;$5FSsNC
=951  \\$110$aSFU01:000897565;$5FTS
=951  \\$108$aUFU01:001761944;$5FU

