=LDR  00977cam a2200277I  4500
=001  021037194
=005  20120623042700.0
=008  720223s1969\\\\cl\\\\\\\b\\\\000|0\spa\d
=035  \\$a(OCoLC)00248578
=040  \\$aCSU$cCSU$dOCL$dm/c$dFXN
=090  \\$aPQ7082.N7$bL68 1969
=092  \\$a863
=100  1\$aLoveluck M., Juan.
=245  13$aLa novela hispanoamericana;$cselección, introd. y notas de Juan Loveluck.
=250  \\$a3. ed ...
=260  \\$aSantiago [de Chile]$bEditorial Universitaria,$c1969.
=300  \\$a357 p.$c19 cm.
=490  0\$aColección letras de America$5FMFIU$5FU
=490  0\$aColección Letras de América$5FFmFGC
=504  \\$aIncludes bibliographical references (p. 356-357).
=650  \0$aSpanish-American fiction$xHistory and criticism
=650  \0$aLatin American fiction$xHistory and criticism
=700  1\$aLoveluck M., Juan.
=951  \\$104$aFIU01:000042366;$5FMFIU
=951  \\$103$aGCU01:000085185;$5FFmFGC
=951  \\$108$aUFU01:000267051;$5FU

