=LDR  01874cam a22003494a 4500
=001  021046151
=005  20080711130136.0
=008  030618s2003\\\\nyua\\\\\b\\\\001\0\eng\\
=010  \\$a2003014128
=015  \\$aGBA3-V0145
=020  \\$a0415947952 (hardcover : alk. paper)
=020  \\$a9780415947954 (hardcover : alk. paper)
=035  \\$a(OCoLC)52477097
=040  \\$aDLC$cDLC$dYDX$dUKM$dBAKER$dBTCTA$dYDXCP$dOCLCG$dFGM
=042  \\$apcc
=043  \\$af-sl---
=050  00$aLG503.F73$bP37 2003
=082  00$a378.664$221
=100  1\$aParacka, Daniel J.,$d1962-
=245  14$aThe Athens of West Africa :$ba history of international education at Fourah Bay College, Freetown, Sierra Leone /$cDaniel J. Paracka Jr.
=260  \\$aNew York ;$aLondon :$bRoutledge,$c2003.
=300  \\$a324 p. :$bill. ;$c24 cm.
=490  0\$aAfrican studies : history, politics, economics, and culture$5FBoU
=490  1\$aAfrican studies$5FTaFA$5FU
=504  \\$aIncludes bibliographical references (p. 299-317) and index.
=505  0\$aFounding a Christian institution, 1787-1840 -- An African-American principal : the returned diasporan influence, 1840-1864 -- Contesting visions of a West African university, 1864-1876 -- Krio resistance and pan-Africanism : the roots of African studies, 1877-1908 -- An era of rising nationalism, 1908-1937 -- The scramble out of Africa : colonial development, 1938-1960 -- African studies and educational relevance : curriculum development, 1961-2001 -- From independence to state collapse : student activism and the political context, 1961-2001.\$5FBoU$5FTaFA$5FU
=610  20$aFourah Bay College$xHistory.
=650  \0$aInternational education$zSierra Leone$zFreetown$xHistory.
=830  \0$aAfrican studies (Routledge (Firm))
=951  \\$101$aAMU01:000538358;$5FTaFA
=951  \\$102$aFAU01:001544116;$5FBoU
=951  \\$108$aUFU01:002971213;$5FU

