=LDR  01293pam a2200325 a 4500
=001  021057860
=005  20120623082200.0
=008  921209r19931989inu\\\\\\b\\\s001|0\eng\\
=010  \\$a   92043856 
=020  \\$a0253345529 (cloth : alk. paper)
=020  \\$a0253287995 (pbk. : alk. paper)
=020  \\$a0253208491 (pbk. : alk. paper)
=035  \\$a(OCoLC)27186853
=040  \\$aDLC$cDLC$dFGM
=050  10$aBS1325.2$b.P65 1993
=082  00$a222/.43066$220
=100  1\$aPolzin, Robert.
=245  10$aSamuel and the Deuteronomist :$b1 Samuel /$cRobert Polzin.
=250  \\$a1st Indiana University Press ed.
=260  \\$aBloomington :$bIndiana University Press,$c1993.
=300  \\$a296 p. ;$c24 cm.
=440  \0$aIndiana studies in biblical literature$5FU
=490  0\$aA Literary study of the Deuteronomic history ;$vpt. 2$5FBoU$5FU
=490  0\$aIndiana studies in biblical literature$5FBoU
=500  \\$aOriginally published: San Francisco : Harper & Row, c1989.$5FBoU$5FU
=504  \\$aIncludes bibliographical references (p. [225]-271) and indexes.
=630  00$aBible.$pO.T.$pSamuel, 1st$xCriticism, interpretation, etc.
=800  1\$aPolzin, Robert.$tLiterary study of the Deuteronomic history ;$vpt. 2.
=951  \\$102$aFAU01:000522107;$5FBoU
=951  \\$108$aUFU01:001952327;$5FU

