=LDR  01481nam a2200409I  4500
=001  021067728
=005  20120623070800.0
=008  720404s1971\\\\wb\\\\\\\b\\\\100|0\fre\\
=010  \\$a   73169448 
=015  \\$aGDB***
=020  \\$a3540055452
=035  \\$a(OCoLC)00275196
=040  \\$cKSU$dFNP
=050  0\$aQA3$b.L28 no. 211$aQA164
=050  ?\$aQA3$b.L28 no.211
=082  0\$a511/.6
=090  \\$aQA3$b.L28 no. 211
=092  \\$a510.08$bL471, no.211
=111  2\$aRencontre franco-britannique sur la théorie des matroïdes, Brest, 1970.
=245  10$aThéorie des matroïdes.$bRencontre franco-britannique, actes, 14-15 mai 1970.$cÉdité par C. P. Bruter.
=260  \\$aBerlin,$aNew York,$bSpringer-Verlag,$c1971.
=300  \\$a108 p.$c26 cm.
=440  \0$aLecture notes in mathematics (Springer-Verlag)$vno. 211$5FTS
=440  \0$aLecture notes in mathematics,$v211$5FBoU
=490  1\$aLecture notes in mathematics, 211$5FMFIU
=490  1\$aLecture notes in mathematics,$v211$5FJUNF$5FTaSU$5FU
=504  \\$aIncludes bibliographies.
=650  \0$aMatroids$xCongresses.
=700  1\$aBruter, Claude Paul,$eed.
=700  1\$aBruter, Claude Paul.
=830  \0$aLecture notes in mathematics (Springer-Verlag)$v211
=951  \\$102$aFAU01:000049639;$5FBoU
=951  \\$104$aFIU01:000046853;$5FMFIU
=951  \\$105$aFSU01:000062493;$5FTaSU
=951  \\$109$aNFU01:000042702;$5FJUNF
=951  \\$110$aSFU01:000383455;$5FTS
=951  \\$108$aUFU01:000380317;$5FU

