=LDR  04112nam a22005531a 4500
=001  021075645
=005  20110210131601.0
=006  m\\\\\\\\d\f\\\\\\
=007  cr\bn\mmmapmmp
=008  091021s1988\\\\dcua\\\\sb\\\f000\0\eng\d
=035  \\$a(CIS)cis2007466179
=040  \\$aLexisNexis$cLexisNexis
=043  \\$an-us---
=074  \\$a1032-C, 1032-D (microfiche)
=074  \\$a1042-A, 1042-B (MF)
=086  0\$aY 4.Ag 8/3:S.hrg.100-891
=086  0\$aY 4.J 89/2:S.hrg.101-636
=088  \\$aSerial no. J-101-4 (United States. Congress. Senate. Committee on the Judiciary)
=099  \\$aHRG-1988-ANF-0007
=099  \\$aHRG-1989-SJS-0017
=110  1\$aUnited States.$bCongress.$bSenate.$bCommittee on Agriculture, Nutrition, and Forestry.
=245  10$aNominations of John R. Dahl, George J. Benston, Derryl J. McLaren, Gordon C. Southern, and Edward C. Williamson, Jr.$h[electronic resource] :$bhearing before the Committee on Agriculture, Nutrition, and Forestry, United States Senate, One Hundredth Congress, second session on the nominations ... to be members of the Board of Directors of the Federal Agricultural Mortgage Corporation, September 13, 1988.
=260  \\$aWashington :$bU.S. G.P.O.,$c1988.
=300  \\$aiv, 143 p. :$bill. ;$c24 cm.
=490  1\$aS. hrg. ;$v101-636$5FTaSU
=490  1\$aS. hrg. ;$v100-891$5FU
=500  \\$aRecord is based on bibliographic data in LexisNexis Congressional Hearings Digital Collection. Reuse except for individual research requires license from LexisNexis Academic & Library Solutions.$5FU$5FTaSU
=500  \\$aHRG-1988-ANF-0007$5FU
=504  \\$aIncludes bibliographical references.
=533  \\$aElectronic reproduction.$b[Bethesda, Md.] :$cLexisNexis Academic & Library Solutions,$d2004.$edigital, PDF file.$nLexisNexis U.S. Congressional Hearings Digital Collection.$nMode of access: World Wide Web via LexisNexis website.$5FU$5FTaSU
=538  \\$aSystem requirements: PDF reader software.$5FU$5FTaSU
=600  10$aDahl, John Reed,$d1930-
=600  10$aBenston, George J.
=610  20$aFederal Agricultural Mortgage Corporation (U.S.).$bBoard of Directors$xOfficials and employees$xSelection and appointment.
=650  \0$aForensic genetics$zUnited States$xTechnique.
=650  \0$aDNA fingerprinting$zUnited States.
=650  \0$aCriminals$zUnited States$xIdentification.
=650  \0$aCriminal investigation$zUnited States.
=730  0\$aLexisNexis U.S. Congressional Hearings Digital Collection.
=776  08$iPrint version:$aUnited States. Congress. Senate. Committee on the Judiciary. Subcommittee on the Constitution$tDNA identification$w(OCoLC)21957161$wgp 90018087
=776  08$iMicrofiche version:$aUnited States. Congress. Senate. Committee on the Judiciary. Subcommittee on the Constitution$tDNA identification.$d[Bethesda, Md.] : LexisNexis Academic & Library Solutions,[2004]$oCIS 90 S521-33$w(LexisNexis)cis09002609
=776  08$iMicrofiche version:$aUnited States. Congress. Senate. Committee on Agriculture, Nutrition, and Forestry.$tNominations of John R. Dahl, George J. Benston, Derryl J. McLaren, Gordon C. Southern, and Edward C. Williamson, Jr.$d[Bethesda, Md.] : LexisNexis Academic & Library Solutions,[2004]$oCIS 89 S161-12$w(LexisNexis)cis08902037
=776  08$iPrint version:$aUnited States. Congress. Senate. Committee on Agriculture, Nutrition, and Forestry.$tNominations of John R. Dahl, George J. Benston, Derryl J. McLaren, Gordon C. Southern, and Edward C. Williamson, Jr$w(OCoLC)19129147$wgp 89009473
=810  1\$aUnited States.$bCongress.$bSenate.$tS. hrg. ;$v101-636.
=810  1\$aUnited States.$bCongress.$bSenate.$tS. hrg. ;$v100-891.
=856  40$yConnect to FSU E-BOOK$uhttps://login.proxy.lib.fsu.edu/login?url=http://congressional.proquest.com/congcomp/getdoc?HEARING-ID=HRG-1989-SJS-0017$5FTaSU
=856  40$uhttp://congressional.proquest.com/congcomp/getdoc?HEARING-ID=HRG-1988-ANF-0007$yClick here for full text$zLicensed for access by UF students, faculty, staff and other registered users.$5FU
=951  \\$105$aFSU01:002662846;$5FTaSU
=951  \\$108$aUFU01:005036713;$5FU

