=LDR  03771nam a22005411a 4500
=001  021079251
=005  20110210131711.0
=006  m\\\\\\\\d\f\\\\\\
=007  cr\bn\mmmapmmp
=008  091021s1988\\\\dcua\\\\sb\\\f000\0\eng\d
=035  \\$a(CIS)cis2007466285
=040  \\$aLexisNexis$cLexisNexis
=043  \\$an-us---
=074  \\$a998-A-1
=074  \\$a1041-A, 1041-B (microfiche)
=086  0\$aY 4.C 73/7:S.hrg.100-930
=086  0\$aY 1.3:S.hrg.101-712
=099  \\$aHRG-1988-CST-0038
=099  \\$aHRG-1989-NCC-0001
=110  1\$aUnited States.$bCongress.$bSenate.$bCommittee on Commerce, Science, and Transportation.$bSubcommittee on Surface Transportation.
=245  10$aState taxation of interstate transportation$h[electronic resource] :$bhearing before the Subcommittee on Surface Transportation of the Committee on Commerce, Science, and Transportation, United States Senate, One Hundredth Congress, second session ... September 16, 1988.
=260  \\$aWashington :$bU.S. G.P.O.,$c1988 [i.e. 1989]
=300  \\$aiv, 130 p. :$bmaps ;$c24 cm.
=490  1\$aS. hrg. ;$v100-930$5FU
=490  1\$aS. hrg. ;$v101-712$5FTaSU
=500  \\$aHRG-1988-CST-0038$5FU
=500  \\$aRecord is based on bibliographic data in LexisNexis Congressional Hearings Digital Collection. Reuse except for individual research requires license from LexisNexis Academic & Library Solutions.$5FU$5FTaSU
=504  \\$aIncludes bibliographical references.
=533  \\$aElectronic reproduction.$b[Bethesda, Md.] :$cLexisNexis Academic & Library Solutions,$d2004.$edigital, PDF file.$nLexisNexis U.S. Congressional Hearings Digital Collection.$nMode of access: World Wide Web via LexisNexis website.$5FU$5FTaSU
=538  \\$aSystem requirements: PDF reader software.$5FU$5FTaSU
=650  \0$aDrug control$zUnited States.
=650  \0$aDrug control$xInternational cooperation.
=650  \0$aInterstate commerce$xTaxation$zUnited States.
=650  \0$aRailroads$xTaxation$zUnited States.
=650  \0$aTransportation$xTaxation$zUnited States.
=650  \0$aTaxation, State$zUnited States.
=730  0\$aLexisNexis U.S. Congressional Hearings Digital Collection.
=740  0\$aUS international drug policy.
=776  08$iPrint version:$aUnited States. Congress. Senate. Committee on Commerce, Science, and Transportation. Subcommittee on Surface Transportation.$tState taxation of interstate transportation$w(OCoLC)19227342$wgp 89009509
=776  08$iMicrofiche version:$aUnited States. Congress. Senate. Committee on Commerce, Science, and Transportation. Subcommittee on Surface Transportation.$tState taxation of interstate transportation.$d[Bethesda, Md.] : LexisNexis Academic & Library Solutions,[2004]$oCIS 89 S261-16$w(LexisNexis)cis08902181
=776  08$iMicrofiche version:$aUnited States. Congress. Senate. Caucus on International Narcotics Control$tU.S. international drug policy.$d[Bethesda, Md.] : LexisNexis Academic & Library Solutions,[2004]$oCIS 90 S961-11$w(LexisNexis)cis09002800
=776  08$iPrint version:$aUnited States. Congress. Senate. Caucus on International Narcotics Control$tU.S. international drug policy$w(DGPO)91053862$w(OCoLC)22539516
=810  1\$aUnited States.$bCongress.$bSenate.$tS. hrg. ;$v101-712.
=810  1\$aUnited States.$bCongress.$bSenate.$tS. hrg. ;$v100-930.
=856  40$yConnect to FSU E-BOOK$uhttps://login.proxy.lib.fsu.edu/login?url=http://congressional.proquest.com/congcomp/getdoc?HEARING-ID=HRG-1989-NCC-0001$5FTaSU
=856  40$uhttp://congressional.proquest.com/congcomp/getdoc?HEARING-ID=HRG-1988-CST-0038$yClick here for full text$zLicensed for access by UF students, faculty, staff and other registered users.$5FU
=951  \\$105$aFSU01:002662953;$5FTaSU
=951  \\$108$aUFU01:005036820;$5FU

