=LDR  01440nam a2200385I  4500
=001  021091869
=005  20120211141752.0
=008  720519s1966\\\\nyu\\\\\\b\\\\000|0\eng\u
=010  \\$a   66013797 
=019  \\$a312685
=035  \\$a(OCoLC)01014518
=040  \\$cWSU$dFNP
=050  0\$aPA25$b.C7 vol. 35
=050  0\$aPA3015.S4$bN67
=090  \\$aPA25$b.C7 v.35
=090  \\$aPA3015.S4$bN67
=092  \\$a480$bC814c v.35
=100  1\$aNorth, Helen F.$q(Helen Florence),$d1921-2012.
=245  10$aSophrosyne;$bself-knowledge and self-restraint in Greek literature.
=260  \\$aIthaca, N.Y.,$bCornell University Press$c[1966]
=300  \\$axx, 391 p.$c24 cm.
=440  \0$aCornell studies in classical philology,$vno. 35$5FSsNC
=440  \0$aCornell studies in classical philology,$vv.35$5FPeU
=490  0\$aCornell University. Cornell studies in classical philology, v.35$5FBoU
=490  1\$aCornell University. Cornell studies in classical philology,$vv. 35$5FJUNF
=500  \\$aBased in part on thesis--Cornell.$5FJUNF
=504  \\$aBibliographical footnoes.
=650  \0$aGreek literature$xHistory and criticism.
=650  \0$aSelf-knowledge in literature.
=830  \0$aCornell studies in classical philology$vv. 35.
=951  \\$102$aFAU01:000055046;$5FBoU
=951  \\$106$aNCU01:000051661;$5FSsNC
=951  \\$109$aNFU01:000047691;$5FJUNF
=951  \\$108$aUFU01:000787658;$5FU
=951  \\$111$aWFU01:000048794;$5FPeU

