=LDR  01859cam a2200421K  4500
=001  021103805
=005  20100803095353.0
=008  720524c19691968nyu\\\\\\b\\\\001|0\eng\d
=010  \\$a68027832
=019  \\$a316966
=035  \\$a(OCoLC)17688133
=040  \\$aDLC$cVKC$dOCL$dDAY$dSLU$dMUQ$dOCLCG$dSYB
=043  \\$an-us---
=082  0\$a309.1'73
=090  \\$aHN58$b.U7 1969
=245  00$aUrban riots :$bviolence and social change /$cEdited by Robert H. Connery.
=260  \\$aNew York :$bVintage books,$c[1969, c1968]
=300  \\$axii, 197 p. ;$c18 cm.
=490  1\$aProceedings of the Academy of Political Science, v. 29, no. 1$5FPeU
=490  1\$aProceedings of the Academy of Political Science,$vv. 29, no. 1$5FU
=500  \\$aReprinted from v. 29, no. 1 of the Proceedings of the Academy of Political Science.$5FPeU
=500  \\$aMany of the "papers in this issue ... were delivered at a conference sponsored by the academy in cooperation with the Columbia University Center on Urban Minority Affairs, April 19, 1968."$5FPeU$5FU
=504  \\$aBibliography: p. [188]-197.
=650  \0$aViolence$zUnited States.
=650  \0$aViolence
=650  \0$aRiots$zUnited States.
=650  \6$aÉmeutes$zÉtats-Unis.
=651  \0$aUnited States$xRace relations.
=651  \0$aUnited States$xSocial conditions$y1945-
=651  \6$aÉtats-Unis$xHistoire sociale$y1945-
=651  \6$aÉtats-Unis$xProblèmes sociaux.
=700  1\$aConnery, Robert Howe,$d1907-$eed.
=700  1\$aConnery, Robert Howe,$d1907-1998,$eed.
=797  23$aUniversity of Florida. Institute of Black Culture.$5FU
=810  2\$aAcademy of Political Science (U.S.).$tProceedings,$vv. 29, no. 1
=830  \0$aProceedings of the Academy of Political Science in the city of New York ;$vv. 29, no. 1.
=951  \\$108$aUFU01:001923895;$5FU
=951  \\$111$aWFU01:000049274;$5FPeU

