=LDR  02063pam a2200421 a 4500
=001  021114539
=005  20120623074600.0
=008  850215s1985\\\\maua\\\\\b\\\\001|0\eng\\
=010  \\$a   85000212 
=020  \\$a0898381673
=020  \\$a0898381673 :$c{dollar}31.05
=035  \\$a(OCoLC)11782771
=040  \\$aDLC$cDLC$dFUG
=050  0\$aQA519$b.S43 1985
=082  0\$a516.2$219
=100  1\$aShafer, Steven A.
=245  10$aShadows and silhouettes in computer vision /$cby Steven A. Shafer.
=260  \\$aBoston :$bKluwer Academic Publishers,$cc1985.
=300  \\$axv, 198 p. :$bill. ;$c25 cm.
=490  0\$aThe Kluwer international series in engineering and computer science ;$vSECS 3. Robotics and vision$5FBoU
=490  1\$aThe Kluwer international series in engineering and computer science ;$vSECS 3.$aRobotics and vision$5FU$5FTaSU$5FPeU$5FOFT
=490  1\$aThe Kluwer international series in engineering and computer science. Robotics and vision ;$vSECS 3$5FTS
=500  \\$aIncludes indexes.$5FU$5FTaSU$5FPeU$5FBoU$5FOFT$5FTS
=500  \\$a"This research was sponsored by the Defense Advanced Research Projects Agency (DOD), ARPA order no. 3597, monitored by the Air Force Avionics Laboratory under contract F33615-81-K-1539"--T.p. verso.$5FU$5FTaSU$5FPeU$5FBoU$5FOFT$5FTS
=504  \\$aBibliography: p. [163]-167.
=650  \0$aShades and shadows.
=650  \0$aGeometry, Descriptive.
=650  \0$aCylinders.
=830  \0$aKluwer international series in engineering and computer science ;$vSECS 3.
=830  \0$aKluwer international series in engineering and computer science.$pRobotics and vision.
=830  \4$aThe Kluwer international series in engineering and computer science.$pRobotics and vision.
=830  \4$aThe Kluwer international series in engineering and computer science ;$vSECS 3.
=951  \\$107$aCFU01:000243082;$5FOFT
=951  \\$102$aFAU01:000257264;$5FBoU
=951  \\$105$aFSU01:000541494;$5FTaSU
=951  \\$110$aSFU01:000474660;$5FTS
=951  \\$108$aUFU01:000531631;$5FU
=951  \\$111$aWFU01:000238476;$5FPeU

