=LDR  02055cas a2200505 a 4500
=001  021124469
=005  20100512122615.0
=008  040407c20029999lu\gr\\\\\s\\i0\\\a0eng\d
=010  \\$a2005204000
=016  7\$a101275707$2DNLM
=035  \\$a(OCoLC)54896589
=040  \\$aUPM$cUPM$dOCLCQ$dDLC$dNLM$dFUG
=042  \\$alcd
=043  \\$ae------
=050  00$aRA239$b.H47
=060  00$aW2 GA1$bH434
=082  \4$a614.42
=090  \\$aRA407.5.E9$bH4
=245  00$aHealth statistics :$bkey data on health /$cEurostat ; European Commission.
=246  30$aKey data on health
=260  \\$aLuxembourg :$bOffice for Official Publications of the European Communities,$cc2003-
=300  \\$av. :$bill. (some col.), col. maps ;$c30 cm.
=310  \\$aBiennial
=362  0\$a2002-$5FU
=440  \0$aPanorama of the European Union$5FMFIU
=440  \0$aTheme 3--Population and social conditions$5FMFIU
=490  1\$aTheme 3--Population and social conditions$5FU
=490  1\$aPanorama of the European Union$5FU
=500  \\$aDescription based on: 2002.$5FMFIU
=500  \\$aDescription based on: Ed. 2002$5FU
=515  \\$aVols. for 2002- also called: 2nd ed.- ; vol. for 2002 covers data for: 1970-2001.$5FU
=515  \\$aVol. for 2002 covers data for: 1970-2001.$5FMFIU
=530  \\$aAlso issued online via the Eurostat web site.$5FU
=650  \0$aPublic health$zEuropean Union countries$vStatistics$vPeriodicals.
=650  12$aPublic Health$xstatistics & numerical data
=651  \0$aEuropean Union countries$xStatistics, Medical$vPeriodicals.
=655  \2$aStatistics
=710  2\$aStatistical Office of the European Communities.
=710  2\$aEuropean Commission.
=780  00$tEckzahlen in Gesundheit$w(OCoLC)45551369$5FU
=830  \0$aPanorama of the European Union.
=830  \0$aTheme 3--Population and social conditions.
=856  41$3Full text 2002 edition$uhttp://epp.eurostat.ec.europa.eu/cache/ITY_OFFPUB/KS-08-02-002/EN/KS-08-02-002-EN.PDF$5FU
=951  \\$104$aFIU01:001176647;$5FMFIU
=951  \\$108$aUFU01:004158876;$5FU

