=LDR  03845nam a22005171a 4500
=001  021132301
=005  20110211082038.0
=006  m\\\\\\\\d\f\\\\\\
=007  cr\bn\mmmapmmp
=008  091022s1990\\\\dcua\\\\sb\\\f000\0\eng\d
=035  \\$a(CIS)cis2007467719
=040  \\$aLexisNexis$cLexisNexis
=043  \\$an-us---
=074  \\$a1037-B, 1037-C (MF)
=074  \\$a1032-C, 1032-D (MF)
=086  0\$aY 4.Ag 8/3:S.hrg.101-756
=086  0\$aY 4.G 74/9:S.hrg.101-1000
=099  \\$aHRG-1989-ANF-0015
=099  \\$aHRG-1990-SGA-0028
=110  1\$aUnited States.$bCongress.$bSenate.$bCommittee on Agriculture, Nutrition, and Forestry.$bSubcommittee on Conservation and Forestry.
=245  10$aAppeals process used by the Forest Service, USDA$h[electronic resource] :$bhearing before the Subcommittee on Conservation and Forestry of the Committee on Agriculture, Nutrition, and Forestry, United States Senate, One Hundred First Congress, first session ... May 18, 1989.
=260  \\$aWashington :$bU.S. G.P.O.,$c1990.
=300  \\$aiv, 369 p. :$bill., maps ;$c24 cm.
=490  1\$aS. hrg. ;$v101-756$5FU
=490  1\$aS. hrg. ;$v101-1000$5FTaSU
=500  \\$aHRG-1989-ANF-0015$5FU
=500  \\$aRecord is based on bibliographic data in LexisNexis Congressional Hearings Digital Collection. Reuse except for individual research requires license from LexisNexis Academic & Library Solutions.$5FU$5FTaSU
=504  \\$aIncludes bibliographical references (p. 53-54).
=533  \\$aElectronic reproduction.$b[Bethesda, Md.] :$cLexisNexis Academic & Library Solutions,$d2004.$edigital, PDF file.$nLexisNexis U.S. Congressional Hearings Digital Collection.$nMode of access: World Wide Web via LexisNexis website.$5FU$5FTaSU
=538  \\$aSystem requirements: PDF reader software.$5FU$5FTaSU
=610  10$aUnited States.$bForest Service.
=650  \0$aCriminal justice, Administration of$zUnited States.
=650  \0$aForfeiture$zUnited States.
=650  \0$aAdministrative procedure$zUnited States.
=650  \0$aForestry law and legislation$zUnited States.
=730  0\$aLexisNexis U.S. Congressional Hearings Digital Collection.
=776  08$iPrint version:$aUnited States. Congress. Senate. Committee on Governmental Affairs.$tOversight of "high risk" asset forfeiture programs at the Justice Department and the Customs Service$w(DGPO)91063572$w(OCoLC)23018556
=776  08$iMicrofiche version:$aUnited States. Congress. Senate. Committee on Governmental Affairs.$tOversight of "high risk" asset forfeiture programs at the Justice Department and the Customs Service.$d[Bethesda, Md.] : LexisNexis Academic & Library Solutions,[2004]$oCIS 91 S401-11$w(LexisNexis)cis09102431
=776  08$iMicrofiche version:$aUnited States. Congress. Senate. Committee on Agriculture, Nutrition, and Forestry. Subcommittee on Conservation and Forestry.$tAppeals process used by the Forest Service, USDA.$d[Bethesda, Md.] : LexisNexis Academic & Library Solutions,[2004]$oCIS 90 S161-10$w(LexisNexis)cis09001838
=776  08$iPrint version:$aUnited States. Congress. Senate. Committee on Agriculture, Nutrition, and Forestry. Subcommittee on Conservation and Forestry.$tAppeals process used by the Forest Service, USDA$w(OCoLC)22226545$wgp 90019872
=810  1\$aUnited States.$bCongress.$bSenate.$tS. hrg. ;$v101-1000.
=810  1\$aUnited States.$bCongress.$bSenate.$tS. hrg. ;$v101-756.
=856  40$yConnect to FSU E-BOOK$uhttps://login.proxy.lib.fsu.edu/login?url=http://congressional.proquest.com/congcomp/getdoc?HEARING-ID=HRG-1990-SGA-0028$5FTaSU
=856  40$uhttp://congressional.proquest.com/congcomp/getdoc?HEARING-ID=HRG-1989-ANF-0015$yClick here for full text$zLicensed for access by UF students, faculty, staff and other registered users.$5FU
=951  \\$105$aFSU01:002664399;$5FTaSU
=951  \\$108$aUFU01:005038365;$5FU

