=LDR  03522nam a22005171a 4500
=001  021136082
=005  20110211082159.0
=006  m\\\\\\\\d\f\\\\\\
=007  cr\bn\mmmapmmp
=008  091021s1989\\\\dcua\\\\sb\\\f000\0\eng\d
=035  \\$a(CIS)cis2007467830
=040  \\$aLexisNexis$cLexisNexis
=043  \\$an-us---
=074  \\$a1041-A, 1041-B (MF)
=086  0\$aY 4.C 73/7:S.hrg.101-343
=086  0\$aY 4.J 89/2:S.hrg.102-175
=088  \\$aSerial no. J-102-6 (United States. Congress. Senate. Committee on the Judiciary)
=099  \\$aHRG-1989-CST-0080
=099  \\$aHRG-1991-SJS-0004
=110  1\$aUnited States.$bCongress.$bSenate.$bNational Ocean Policy Study.
=245  10$aTuna management$h[electronic resource] :$bhearing before the National Ocean Policy Study of the Committee on Commerce, Science, and Transportation, United States Senate, One Hundred First Congress, first session ... July 20, 1989.
=260  \\$aWashington :$bU.S. G.P.O.,$c1989.
=300  \\$aiii, 157 p. :$bill. ;$c24 cm.
=490  1\$aS. hrg. ;$v101-343$5FU
=490  1\$aS. hrg. ;$v102-175$5FTaSU
=500  \\$aHRG-1989-CST-0080$5FU
=500  \\$aRecord is based on bibliographic data in LexisNexis Congressional Hearings Digital Collection. Reuse except for individual research requires license from LexisNexis Academic & Library Solutions.$5FU$5FTaSU
=504  \\$aIncludes bibliographical references.
=533  \\$aElectronic reproduction.$b[Bethesda, Md.] :$cLexisNexis Academic & Library Solutions,$d2004.$edigital, PDF file.$nLexisNexis U.S. Congressional Hearings Digital Collection.$nMode of access: World Wide Web via LexisNexis website.$5FU$5FTaSU
=538  \\$aSystem requirements: PDF reader software.$5FU$5FTaSU
=650  \0$aSchizophrenia$zUnited States$xChemotherapy$xSafety measures.
=650  \0$aClozapine$xMarketing.
=650  \0$aAntipsychotic drugs$zUnited States$xMarketing.
=650  \0$aFishery management$zUnited States.
=650  \0$aTuna fisheries$zUnited States.
=730  0\$aLexisNexis U.S. Congressional Hearings Digital Collection.
=776  08$iPrint version:$aUnited States. Congress. Senate. Committee on the Judiciary. Subcommittee on Antitrust, Monopolies, and Business Rights$tMarketing of Clozaril$w(DGPO)92055348$w(OCoLC)24603103
=776  08$iMicrofiche version:$aUnited States. Congress. Senate. Committee on the Judiciary. Subcommittee on Antitrust, Monopolies, and Business Rights$tMarketing of Clozaril.$d[Bethesda, Md.] : LexisNexis Academic & Library Solutions,[2004]$oCIS 91 S521-66$w(LexisNexis)cis09102572
=776  08$iMicrofiche version:$aUnited States. Congress. Senate. National Ocean Policy Study$tTuna management.$d[Bethesda, Md.] : LexisNexis Academic & Library Solutions,[2004]$oCIS 90 S261-7$w(LexisNexis)cis09001994
=776  08$iPrint version:$aUnited States. Congress. Senate. National Ocean Policy Study$tTuna management$w(OCoLC)20925218$wgp 90007193
=810  1\$aUnited States.$bCongress.$bSenate.$tS. hrg. ;$v102-175.
=810  1\$aUnited States.$bCongress.$bSenate.$tS. hrg. ;$v101-343.
=856  40$yConnect to FSU E-BOOK$uhttps://login.proxy.lib.fsu.edu/login?url=http://congressional.proquest.com/congcomp/getdoc?HEARING-ID=HRG-1991-SJS-0004$5FTaSU
=856  40$uhttp://congressional.proquest.com/congcomp/getdoc?HEARING-ID=HRG-1989-CST-0080$yClick here for full text$zLicensed for access by UF students, faculty, staff and other registered users.$5FU
=951  \\$105$aFSU01:002664510;$5FTaSU
=951  \\$108$aUFU01:005038476;$5FU

