=LDR  05171cam a2200901Ia 4500
=001  021143059
=005  20110309115531.0
=006  m\\\\\\\\d\\\\\\\\
=007  cr\nn\008mamaa
=007  cr\cn|
=008  071219s2007\\\\gw\a\\\\ob\\\\101\0\eng\d
=010  \\$a2007928856
=019  \\$a156840803$a166357871$a177009647$a180752324$a260242236$a288268274
=020  \\$a9786611351854
=020  \\$a661135185X
=020  \\$a354073094X
=020  \\$a9783540730941
=035  \\$a(Springer)978-3-540-73093-4
=035  \\$a(OCoLC)184905333
=037  \\$a978-3-540-73093-4$bSpringer$nhttp://www.springerlink.com
=040  \\$aGW5XE$cGW5XE$dGW5XE$dBTCTA$dTEX$dOCLCA$dHNK$dCOO$dN{dollar}T$dYDXCP$dYNG$dNUI
=050  14$aQA267$b.I553 2007eb
=050  14$aQA267
=072  \7$aTK$2lcco
=082  04$a511.35$222
=100  1\$aKleijn, Jetty.
=111  2\$aInternational Conference on Applications and Theory of Petri Nets and Other Models of Concurrency$n(28th :$d2007 :$cSiedlce, Poland)
=245  10$aPetri nets and other models of concurrency$h[electronic resource] :$bICATPN 2007 : 28th International Conference on Applications and Theory of Petri Nets and Other Models of Concurrency, ICATPN 2007, Siedlce, Poland, June 25-29, 2007 ; proceedings /$cJetty Kleijn, Alex Yakovlev (eds.).
=246  3\$aTwenty-eighth International Conference on Applications and Theory of Petri Nets and Other Models of Concurrence
=246  30$aICATPN 2007
=246  30$aInternational Conference on Applications and Theory of Petri Nets and Other Models of Concurrence
=246  30$a28th International Conference on Applications and Theory of Petri Nets and Other Models of Concurrence
=260  \\$aBerlin ;$aNew York :$bSpringer,$cc2007.
=300  \\$axi, 514 p. :$bill. ;$c24 cm.
=440  \0$aLNCS sublibrary.$nSL 1,$pTheoretical computer science and general issues$5FMFIU$5FOFT$5FTS
=440  \0$aLecture Notes in Computer Science,$x0302-9743 ;$v4546$5FBoU$5FMFIU$5FOFT$5FTS
=490  1\$aLecture notes in computer science,$x0302-9743 ;$v4546$5FU
=490  1\$aLNCS sublibrary. SL 1, Theoretical computer science and general issues$5FU
=504  \\$aIncludes bibliographical references and index.
=506  \\$aAccess restricted to subscribers.$5FU
=533  \\$aElectronic reproduction.$bNew York :$cSpringer,$d2007.$nMode of access: World Wide Web.$nSystem requirements: Web browser.$nTitle from title screen (viewed on Dec. 13, 2007).$nAccess may be restricted to users at subscribing institutions.$5FU$5FMFIU$5FOFT$5FTS
=538  \\$aMode of access: World Wide Web.$5FU
=650  \0$aComputational complexity
=650  \0$aPetri nets$vCongresses.
=650  \0$aComputer multitasking$vCongresses.
=650  \0$aSoftware engineering
=650  \0$aOperating systems (Computers)
=650  \0$aInformation theory
=650  \0$aComputer science
=650  \0$aComputer Communication Networks
=650  14$aComputer Science
=650  24$aTheory of Computation
=650  24$aSoftware Engineering
=650  24$aProcessor Architectures
=650  24$aComputer Communication Networks
=650  24$aDiscrete Mathematics in Computer Science
=650  24$aOperating Systems
=655  \7$aElectronic books.$2local
=700  1\$aYakovlev, Alex
=700  1\$aKleijn, Jetty.
=710  2\$aSpringerLink (Online service)
=773  0\$tSpringer e-books
=776  1\$cOriginal$z9783540730934$z3540730931$w(DLC) 2007928856$w(OCoLC)145453809
=830  \0$aLNCS sublibrary.$nSL 1,$pTheoretical computer science and general issues.
=830  \0$aLecture notes in computer science ;$v4546.$x0302-9743
=856  40$yClick here for FULL TEXT from SpringerLink$uhttps://login.ezproxy.net.ucf.edu/login?url=http://dx.doi.org/10.1007/978-3-540-73094-1$xxnoindex$5FOFT
=856  40$3SpringerLink$uhttp://ezproxy.fiu.edu/login?url=http://dx.doi.org/10.1007/978-3-540-73094-1$yFIU users: view content here$5FMFIU
=856  40$uhttp://ezproxy.fau.edu/login?url=http://dx.doi.org/10.1007/978-3-540-73094-1$5FBoU
=856  40$3SpringerLink$uhttp://dx.doi.org/10.1007/978-3-540-73094-1$zAn electronic book accessible through the World Wide Web; click for information$5FU
=856  40$xSpringerLink$uhttp://ezproxy.lib.usf.edu/login?url=http://dx.doi.org/10.1007/978-3-540-73094-1$xAn electronic book accessible through the World Wide Web; click for information$yUSF ONLINE ACCESS$5FTS
=856  40$uhttp://ezproxy.fiu.edu/login?url=http://www.springerlink.com/openurl.asp?genre=issue&issn=0302-9743&volume=4546$yFIU users: view content here$5FMFIU
=856  41$yClick here for alternate access from SpringerLink$uhttps://login.ezproxy.net.ucf.edu/login?url=http://www.springerlink.com/openurl.asp?genre=issue&issn=0302-9743&volume=4546$xxnoindex$5FOFT
=856  41$uhttp://ezproxy.lib.usf.edu/login?url=http://www.springerlink.com/openurl.asp?genre=issue&issn=0302-9743&volume=4546$xRestricted to SpringerLink subscribers$yUSF ONLINE ACCESS$5FTS
=951  \\$107$aCFU01:001866018;$5FOFT
=951  \\$102$aFAU01:001547169;$5FBoU
=951  \\$104$aFIU01:001614785;$5FMFIU
=951  \\$110$aSFU01:001951137;$5FTS
=951  \\$108$aUFU01:005071740;$5FU

