=LDR  06533cgm a2201465Ia 4500
=001  021149528
=005  20120531130234.0
=007  vd\cvaiz|
=008  020813p20021997it\116\g\\\\\\\\\\vlita\d
=019  \\$a60506970
=020  \\$a0788816209
=020  \\$a9780788816208
=024  1\$a717951003089
=028  42$a17490$bMiramax Home Entertainment
=035  \\$a(ALEPHNF)690772
=035  \\$a(OCoLC)50399832
=040  \\$aCUV$cCUV$dOCLCQ$dFNP
=041  1\$aeng$hita
=043  \\$ae-it---
=050  \4$aPN1997$b.L574 2002
=050  \4$aPN1997$b.L574 2002 DVD
=082  \4$a791.43
=082  04$a791.4372$222
=090  \\$aPN1997$b.V537 2002
=090  \\$aPN1995.9.F67$b.L53 2002 DVD
=099  \9$aVideorecording VD000788
=245  03$aLa vita è bella$h[videorecording] /$cMiramax Films ; Cecchi Gori Group ; una produzione Melampo Cinematografica ; soggetto e sceneggiatura di Vincenzo Cerami e Roberto Benigni ; prodotto da Elda Ferri e Gianlugi Braschi ; regia di Roberto Benigni.
=246  1\$iDisc label title:$aLife is beautiful
=246  1\$iTitle on cassette:$aLife is beautiful
=246  3\$aVita è bella
=250  \\$aWidescreen.
=260  \\$a[New York, N.Y.] :$bMiramax Home Entertainment [distributor],$c[2002]
=300  \\$a1 videodisc (116 min.) :$bsd., col. ;$c4 3/4 in.
=440  \0$aMiramax collector's series$5FTS$5FPeU$5FU$5FOFT
=490  1\$aMiramax award-winning collection$5FTaSU
=490  1\$aMiramax collector's series$5FFmFGC
=500  \\$aOriginally produced in Italy in 1997 as a motion picture under title: La vita è bella.$5FTS$5FPeU$5FU$5FOFT$5FFmFGC
=500  \\$aSeries from container.$5FTaSU
=500  \\$aClosed-captioned for the hearing impaired.$5FTS$5FPeU$5FOFT$5FFmFGC
=500  \\$aSpecial features: Making life beautiful featurette, Academy Award TV commercials, theatrical trailer.$5FTaSU
=500  \\$aOriginally produced in Italy in 1997 as a motion picture.$5FTaSU
=500  \\$aRecorded in Dolby digital 5.1 surround sound stereo.$5FTaSU
=500  \\$aContents are indexed.$5FJUNF
=500  \\$a"17490"--Container.$5FJUNF
=500  \\$a"Dual-layer format"--Container.$5FTaSU
=500  \\$aWidescreen (1.85:1).$5FTS$5FPeU$5FOFT$5FFmFGC
=500  \\$aCataloged from container.$5FU
=500  \\$a"Widescreen (1.85:1)"--Container.$5FTaSU
=500  \\$aOriginally released as a motion picture in 1997.$5FJUNF
=500  \\$aIncludes theatrical trailer, featurette, and Academy Award TV commercials.$5FU
=508  \\$aDirector, Roberto Benigni; story and screenplay by Vincenzo Cerami and Roberto Benigni; line producer, Mario Cotone; producers, Elda Ferri and Gianluigi Braschi.
=511  1\$aRoberto Benigni, Nicoletta Braschi, Giustino Durano, Sergio Bustric, Lydia Alfonsi, Giuliana Lojodice, Amerigo Fontani.
=511  1\$aRoberto Benigni, Nicoletta Braschi.
=511  1\$aRoberto Benigni, Nicoletta Braschi, Giustino Durano, Sergio Bustric, Lydia Alfonsi, Giuliana Lojodice, Amerigo Fontani, Pietro De Silva, Francesco Guzzo, Raffaella Lebboroni, Giorgio Cantarini, Marisa Paredes, Horst Bucholz.
=520  \\$aIn 1930s Italy a bumbling Jewish waiter who's gifted with a colorful imagination and an irresistible sense of humor has won the heart of the woman he loves and has created a beautiful life for his young family. But that life is threatened by World War II.
=521  8\$aMPAA: PG-13 for Holocaust-related thematic elements.
=521  8\$aRated PG-13.
=538  \\$aDVD.$5FTaSU
=538  \\$aDolby surround.$5FU
=538  \\$aDVD format.$5FU$5FJUNF
=538  \\$aDVD, Dolby surround.$5FTS$5FPeU$5FOFT$5FFmFGC
=540  \\$aPerformance rights: Home view.$5FJUNF
=546  \\$aIn Italian with English subtitles; includes English language track.
=546  \\$aClosed captioned.
=546  \\$aClosed captioned for the hearing impaired.
=546  \\$aIn Italian with English subtitles.
=586  \\$aAcademy Awards for Best Actor (Benigni), Best Foreign Language Film, and Best Dramatic Score.
=586  \\$aWinner of 1998 Academy Awards for best actor (Benigni), best foreign language film, and best dramatic score.
=586  8\$a1998 Academy Awards: Best actor (Benigni), Best foreign language film, Best dramatic score.
=650  \0$aConcentration camps$vDrama.
=650  \0$aWorld War, 1939-1945$zItaly$vDrama.
=650  \0$aFeature films.
=650  \0$aVideo recordings for the hearing impaired.
=650  \0$aFilms for the hearing impaired.
=650  \0$aForeign films.
=650  \0$aMotion pictures, Italian.
=650  \0$aFeature films$zItaly.
=655  \0$aFilms for the hearing impaired.
=655  \0$aForeign films.
=655  \0$aMotion pictures, Italian.
=655  \0$aFeature films.
=655  \7$aForeign films.$2lcsh
=655  \7$aFeature films.$2lcsh
=655  \7$aFiction films.$2lcgft
=655  \7$aVideo recordings for the hearing impaired.$2lcgft
=690  \4$aFilmdate$y1997.$5FU
=690  \4$aFilmcountry$zItaly.$5FU
=700  1\$aLojodice, Giuliana.
=700  1\$aAlfonsi, Lydia.
=700  1\$aBustric, Sergio.
=700  1\$aDurano, Giustino,$d1923-
=700  1\$aPiovani, Nicola.
=700  1\$aPaggi, Simona.
=700  1\$aBenigni, Roberto.$4drt
=700  1\$aBenigni, Roberto.
=700  1\$aCecchi Gori, Mario.
=700  1\$aCecchi Gori, Vittorio.
=700  1\$aCantarini, Giorgio.
=700  1\$aParedes, Marisa,$d1946-
=700  1\$aBucholz, Horst,$d1933-2003.
=700  1\$aDelli Colli, Tonino.
=700  1\$aCerami, Vincenzo,$d1940-2013.$4aus
=700  1\$aBraschi, Gianluigi.$4pro
=700  1\$aFerri, Elda.$4pro
=700  1\$aBraschi, Nicoletta,$d1960-$4act
=700  1\$aBenigni, Roberto.$4aus$4drt$4act
=700  1\$aFerri, Elda.
=700  1\$aBraschi, Gianluigi.
=700  1\$aCerami, Vincenzo,$d1940-2013.
=700  1\$aBraschi, Nicoletta,$d1960-
=710  2\$aMiramax Films.
=710  2\$aMelampo cinematografica.
=710  2\$aCecchi Gori Group.
=710  2\$aBuena Vista Home Entertainment (Firm)
=710  2\$aMiramax Home Entertainment (Firm)
=710  2\$aCecchi Gori Group (Firm)
=830  \0$aMiramax award-winning collection.
=830  \0$aMiramax collector's series
=951  \\$107$aCFU01:001391428;$5FOFT
=951  \\$105$aFSU01:003257945;$5FTaSU
=951  \\$103$aGCU01:000528301;$5FFmFGC
=951  \\$109$aNFU01:000690772;$5FJUNF
=951  \\$110$aSFU01:001531813;$5FTS
=951  \\$108$aUFU01:003160510;$5FU
=951  \\$111$aWFU01:000660512;$5FPeU

