=LDR  03280cam a2200625 a 4500
=001  021155425
=005  20150227122259.0
=008  031022s2003\\\\utuab\\\\b\\\f000\0\eng\\
=010  \\$a2003373230
=028  32$a2003.$bU.S. Dept. of the Interior, U.S. Geological Survey ;$bU.S. Geological Survey, Branch of Information Services
=035  \\$a(OCoLC)53316448
=040  \\$aDLC$beng$cDLC$dGIS$dGPO$dAGL$dGPO$dBTCTA$dKMS$dOCLCF$dP4I$dOCLCQ$dFTU
=042  \\$apcc
=043  \\$an-us-ut
=049  \\$aFTUG
=050  00$aGB701$b.W375 no. 03-4029
=070  0\$aGB701$b.W375 no. 2003-4029
=074  \\$a0624-B
=074  \\$a0624-B (online)
=082  00$a553.7/0973 s$a551.49/09792/25$222
=086  0\$aI 19.42/4:03-4029
=100  1\$aThiros, Susan A.
=245  10$aHydrogeology of shallow basin-fill deposits in areas of Salt Lake Valley, Salt Lake County, Utah /$cby Susan A. Thiros.
=260  \\$aSalt Lake City, Utah :$bU.S. Dept. of the Interior, U.S. Geological Survey ;$aDenver, CO :$bU.S. Geological Survey, Branch of Information Services,$c2003.
=300  \\$aviii, 24 pages :$billustrations (some color), color maps ;$c28 cm.
=336  \\$atext$btxt$2rdacontent
=337  \\$aunmediated$bn$2rdamedia
=338  \\$avolume$bnc$2rdacarrier
=490  1\$aU.S. Geological Survey water-resources investigations report ;$v03-4029
=530  \\$aAlso available via Internet at the USGS web site. Address as of 03/17/04: http://water.usgs.gov/pubs/wri/wri034029/pdf/wri034029.pdf.
=530  \\$aMap plate also available via Internet at the USGS web site. Address as of 03/17/04: http://water.usgs.gov/pubs/wri/wri034029/pdf/plate%5F1.pdf.
=500  \\$aOne folded colored map in pocket.
=500  \\$a"National Water-Quality Assessment Program."
=504  \\$aIncludes bibliographical references (pages 22-23).
=505  0\$aTitle of map in pocket: Well logs and water-level hydrographs, Salt Lake Valley, Utah.
=650  \0$aHydrogeology$zUtah$zSalt Lake Valley.
=650  \0$aGroundwater flow$zUtah$zSalt Lake Valley.
=650  \0$aWater levels$zUtah$zSalt Lake Valley.
=650  \7$aGroundwater flow.$2fast$0(OCoLC)fst00948337
=650  \7$aHydrogeology.$2fast$0(OCoLC)fst00965077
=650  \7$aWater levels.$2fast$0(OCoLC)fst01171786
=651  \7$aUtah$zSalt Lake Valley.$2fast$0(OCoLC)fst01302008
=710  2\$aGeological Survey (U.S.)
=776  08$iOnline version:$aThiros, Susan A.$tHydrogeology of shallow basin-fill deposits in areas of Salt Lake Valley, Salt Lake County, Utah.$dSalt Lake City, Utah : U.S. Dept. of the Interior, U.S. Geological Survey ; Denver, CO : U.S. Geological Survey, Branch of Information Services, 2003$w(OCoLC)623237182
=830  \0$aWater-resources investigations report ;$v03-4029.
=856  41$3PURL$uhttp://purl.access.gpo.gov/GPO/LPS45843$zAdobe Acrobat Reader required
=856  41$3PURL$uhttp://purl.access.gpo.gov/GPO/LPS45844$zAdobe Acrobat Reader required; map
=951  \\$101$aAMU01:000537925;$5FTaFA
=951  \\$107$aCFU01:001055950;$5FOFT
=951  \\$102$aFAU01:000990071;$5FBoU
=951  \\$104$aFIU01:001133196;$5FMFIU
=951  \\$105$aFSU01:002030979;$5FTaSU
=951  \\$103$aGCU01:000273845;$5FFmFGC
=951  \\$110$aSFU01:001437784;$5FTS
=951  \\$108$aUFU01:002979959;$5FU

