=LDR  01209nam a2200349   4500
=001  021164871
=005  20091106161833.0
=008  720627r19711932nyu\\\\\\\\\\\000|0\eng\\
=010  \\$a   72144738 
=020  \\$a0404538312
=035  \9$a(OCoLC)00363682
=040  \\$aDLC$cDLC$dm.c.$dFTU
=050  0\$aPS3509.N44$bW6 1971
=082  0\$a811/.5/2
=090  \\$aPS3509.N44$bW6 1971
=100  1\$aEngle, Paul,$d1908-1991.
=245  10$aWorn earth.
=250  \\$a[1st AMS ed.]$bNew Haven, Yale University Press, 1932.
=260  \\$a[New York,$bAMS Press,$c1971]
=300  \\$a51 p. ;$c22 cm.
=490  0\$aThe Yale series of younger poets,$vv. 31$5FOFT
=490  1\$aThe Yale series of younger poets$5FTaFA$5FTS
=500  \\$aReprint of 1932 edition.$5FOFT
=500  \\$aOriginal ed. issued as v. 31 of the Yale series of younger poets.$5FU$5FMFIU$5FTaSU
=830  \0$aYale series of younger poets,$vv. 31.
=830  \4$aThe Yale series of younger poets,$vv. 31
=951  \\$101$aAMU01:000043355;$5FTaFA
=951  \\$107$aCFU01:000046578;$5FOFT
=951  \\$104$aFIU01:000059188;$5FMFIU
=951  \\$105$aFSU01:000081921;$5FTaSU
=951  \\$110$aSFU01:000090438;$5FTS
=951  \\$108$aUFU01:000036244;$5FU

