=LDR  01578cam a2200361 a 4500
=001  021175048
=005  20101220095800.0
=008  870821s1988\\\\maua\\\\\b\\\\001|0\eng\\
=010  \\$a   87024530 //r88
=020  \\$a089838253X
=035  \\$a(OCoLC)16755074
=040  \\$aDLC$cDLC$dFHM
=050  0\$aTK7874$b.S623 1988
=082  0\$a621.381/73$219
=100  1\$aSmith, Stewart G.
=245  10$aSerial-data computation /$cStewart G. Smith and Peter B. Denyer.
=260  \\$aBoston :$bKluwer Academic Publishers,$cc1988.
=300  \\$ax, 239 p. :$bill. ;$c24 cm.
=440  \0$aKluwer international series in engineering and computer science ;$vSECS 39$5FTS
=440  \4$aThe Kluwer international series in engineering and computer science ;$vSECS 39$5FTaFA$5FOFT
=490  0\$aThe Kluwer international series in engineering and computer science ;$vSECS 39. VSLI, computer architecture and digital signal processing$5FBoU
=490  1\$aThe Kluwer international series in engineering and computer science ;$vSECS 39$5FTaSU
=500  \\$aIncludes index.$5FTS$5FTaFA$5FOFT$5FBoU$5FTaSU
=504  \\$aBibliography: p. [193]-209.
=650  \0$aIntegrated circuits$xVery large scale integration$xDesign and construction$xData processing.
=650  \0$aSilicon compilers.
=700  1\$aDenyer, P. B.$q(Peter B.),$d1953-2010.
=700  1\$aDenyer, P. B.$q(Peter B.),$d1953-
=951  \\$101$aAMU01:000264331;$5FTaFA
=951  \\$107$aCFU01:000302911;$5FOFT
=951  \\$102$aFAU01:000429565;$5FBoU
=951  \\$105$aFSU01:000920719;$5FTaSU
=951  \\$110$aSFU01:000538329;$5FTS

