=LDR  01964nam a2200361I  4500
=001  021184441
=005  20120622232600.0
=008  720427\1966\\\\\\\\\\\\\\\\\\000|0\spa\u
=010  \\$a68089583  
=035  \\$a(OCoLC)00295441
=040  \\$cOUN$dFUG
=050  \0$aHN310.A5$bH3
=090  \\$aF2281.A6$bH3
=092  \\$a301$bC718i, no.4
=100  1\$aHavens, A. Eugene.
=245  00$aTámesis:$bestructura y cambio; estudio de una comunidad antioqueña$c[por] A. Eugene Havens. Traducción de Jorge Zalamea.
=250  \\$a[1. ed.
=260  \\$aBogotá]$bEdiciones Tercer Mundo y Facultad de Sociología, Sección de Investigación Social, Universidad Nacional$c[1966]
=300  \\$a184 p.$billus., maps.$c21 cm.
=440  \0$aColección Informes técnicos,$vno. 4$5FSsNC
=490  1\$aColección Informes técnicos,$vno. 4$5FMFIU
=490  1\$aColección Informes técnicos, no. 4$5FU
=500  \\$a"Parte de una serie de trabajos efectuados en varios municipios, encaminados a determinar distintas formas de tenencia de la tierra en Colombia."$5FU
=505  0\$aAppendices (p. [179]-184):--1. Ley 19 de 1958 (noviembre 25); artículos relacionados a la política gubernamental sobre acción comunal.--2. Acuerdo número 6 de 1959 (octubre 8) sobre campaña por el progreso social y económico de los productores y trabajadores cafeteros.$5FU
=505  0\$a"Parte de una serie de trabajos efectuados en varios municipios, encaminados a determinar distintas formas de tenencia de la tierra en Colombia."$5FMFIU$5FSsNC
=650  \0$aLand tenure$zColombia$zAntioquia (Dept.)
=650  \0$aCommunity development$zColombia$zAntioquia (Dept.)
=651  \0$aTámesis.
=810  2\$aUniversidad Nacional de Colombia.$bFacultad de Sociología.$tInformes técnicos,$vno. 4
=830  \0$aColección Informes técnicos (Bogotá, Colombia)$vno. 4.
=951  \\$104$aFIU01:000049806;$5FMFIU
=951  \\$106$aNCU01:000070638;$5FSsNC
=951  \\$108$aUFU01:000032501;$5FU

