=LDR  03771nam a22005531a 4500
=001  021193716
=005  20110211124732.0
=006  m\\\\\\\\d\f\\\\\\
=007  cr\bn\mmmapmmp
=008  091022s1991\\\\dcua\\\\sb\\\f000\0\eng\d
=035  \\$a(CIS)cis2007469308
=040  \\$aLexisNexis$cLexisNexis
=043  \\$an-us---
=074  \\$a1000-B, 1000-C (MF)
=074  \\$a1041-A, 1041-B (MF)
=086  0\$aY 4.Ec 7:G 51/3
=086  0\$aY 4.C 73/7:S.hrg.102-590
=099  \\$aHRG-1990-ECJ-0014
=099  \\$aHRG-1991-CST-0056
=110  1\$aUnited States.$bCongress.$bJoint Economic Committee
=245  10$a"Who is us?"--national interests in an age of global industry$h[electronic resource] :$bhearings before the Joint Economic Committee, Congress of the United States, One Hundred First Congress, second session, September 5 and 13, 1990.
=260  \\$aWashington :$bU.S. G.P.O.,$c1991.
=300  \\$aiii, 176 p. :$bill. ;$c24 cm.
=490  1\$aS. hrg. ;$v101-1281$5FU
=490  1\$aS. hrg. ;$v102-590$5FTaSU
=500  \\$aHRG-1990-ECJ-0014$5FU
=500  \\$aRecord is based on bibliographic data in LexisNexis Congressional Hearings Digital Collection. Reuse except for individual research requires license from LexisNexis Academic & Library Solutions.$5FU$5FTaSU
=504  \\$aIncludes bibliographical references.
=533  \\$aElectronic reproduction.$b[Bethesda, Md.] :$cLexisNexis Academic & Library Solutions,$d2004.$edigital, PDF file.$nLexisNexis U.S. Congressional Hearings Digital Collection.$nMode of access: World Wide Web via LexisNexis website.$5FU$5FTaSU
=538  \\$aSystem requirements: PDF reader software.$5FU$5FTaSU
=650  \0$aPari-mutuel betting$xLaw and legislation$zUnited States.
=650  \0$aGreyhound racing$xLaw and legislation$zUnited States.
=650  \0$aInterstate commerce$zUnited States.
=650  \0$aInvestments, Foreign$xGovernment policy$zUnited States.
=650  \0$aInternational business enterprises$xGovernment policy$zUnited States.
=651  \0$aUnited States$xForeign economic relations.
=730  0\$aLexisNexis U.S. Congressional Hearings Digital Collection.
=740  0\$aInterstate Greyhound Racing Act of 1991.
=740  0\$a"Who is us?", national interests in an age of global industry.
=776  08$iMicrofiche version:$aUnited States. Congress. Joint Economic Committee$t"Who is us?"--national interests in an age of global industry.$d[Bethesda, Md.] : LexisNexis Academic & Library Solutions,[2004]$oCIS 91 J841-21$w(LexisNexis)cis09101616
=776  08$iMicrofiche version:$aUnited States. Congress. Senate. Committee on Commerce, Science, and Transportation.$tS. 22, Interstate Greyhound Racing Act of 1991.$d[Bethesda, Md.] : LexisNexis Academic & Library Solutions,[2004]$oCIS 92 S261-42$w(LexisNexis)cis09202403
=776  08$iPrint version:$aUnited States. Congress. Senate. Committee on Commerce, Science, and Transportation.$tS. 22, Interstate Greyhound Racing Act of 1991$w(DGPO)92079140$w(OCoLC)26248618
=776  08$iPrint version:$aUnited States. Congress. Joint Economic Committee$t"Who is us?"--national interests in an age of global industry$w(DGPO)91085322$w(OCoLC)24336140
=810  1\$aUnited States.$bCongress.$bSenate.$tS. hrg. ;$v102-590.
=810  1\$aUnited States.$bCongress.$bSenate.$tS. hrg. ;$v101-1281.
=856  40$yConnect to FSU E-BOOK$uhttps://login.proxy.lib.fsu.edu/login?url=http://congressional.proquest.com/congcomp/getdoc?HEARING-ID=HRG-1991-CST-0056$5FTaSU
=856  40$uhttp://congressional.proquest.com/congcomp/getdoc?HEARING-ID=HRG-1990-ECJ-0014$yClick here for full text$zLicensed for access by UF students, faculty, staff and other registered users.$5FU
=951  \\$105$aFSU01:002666060;$5FTaSU
=951  \\$108$aUFU01:005040190;$5FU

