=LDR  03888nam a22005531a 4500
=001  021198139
=005  20110211124906.0
=006  m\\\\\\\\d\f\\\\\\
=007  cr\bn\mmmapmmp
=008  091022s1992\\\\dcua\\\\sb\\\f000\0\eng\d
=035  \\$a(CIS)cis2007469439
=040  \\$aLexisNexis$cLexisNexis
=043  \\$an-us---
=074  \\$a1038-A, 1038-B (MF)
=074  \\$a1035-C, 1035-D (MF)
=086  0\$aY 4.B 22/3:S.hrg.101-1049
=086  0\$aY 4.F 49:S.hrg.102-417
=099  \\$aHRG-1990-BHU-0047
=099  \\$aHRG-1991-FNS-0027
=110  1\$aUnited States.$bCongress.$bSenate.$bCommittee on Banking, Housing, and Urban Affairs.$bSubcommittee on Housing and Urban Affairs.
=245  14$aThe financial strength of the Federal Housing Administration$h[electronic resource] :$bhearing before the Subcommittee on Housing and Urban Affairs of the Committee on Banking, Housing, and Urban Affairs, United States Senate, One Hundred First Congress, second session ... June 6, 1990.
=260  \\$aWashington :$bU.S. G.P.O.,$c1990.
=300  \\$aiii, 291 p. :$bill. ;$c24 cm.
=490  1\$aS. hrg. ;$v102-417$5FTaSU
=490  1\$aS. hrg. ;$v101-1049$5FU
=500  \\$aHRG-1990-BHU-0047$5FU
=500  \\$aRecord is based on bibliographic data in LexisNexis Congressional Hearings Digital Collection. Reuse except for individual research requires license from LexisNexis Academic & Library Solutions.$5FU$5FTaSU
=504  \\$aIncludes bibliographical references.
=533  \\$aElectronic reproduction.$b[Bethesda, Md.] :$cLexisNexis Academic & Library Solutions,$d2004.$edigital, PDF file.$nLexisNexis U.S. Congressional Hearings Digital Collection.$nMode of access: World Wide Web via LexisNexis website.$5FU$5FTaSU
=538  \\$aSystem requirements: PDF reader software.$5FU$5FTaSU
=610  10$aUnited States.$bFederal Housing Administration$xAuditing.
=650  \0$aMortgage guarantee insurance$xGovernment policy$zUnited States.
=650  \0$aHousing policy$zUnited States.
=650  \0$aHuman rights$zChina.
=650  \0$aFavored nation clause$zUnited States.
=651  \0$aUnited States$xForeign economic relations$zChina.
=651  \0$aChina$xForeign economic relations$zUnited States.
=730  0\$aLexisNexis U.S. Congressional Hearings Digital Collection.
=740  0\$aChina most favored nation status.
=776  08$iPrint version:$aUnited States. Congress. Senate. Committee on Finance$tChina most-favored-nation status$w(DGPO)92066959$w(OCoLC)25562349
=776  08$iMicrofiche version:$aUnited States. Congress. Senate. Committee on Finance$tChina most-favored-nation status.$d[Bethesda, Md.] : LexisNexis Academic & Library Solutions,[2004]$oCIS 92 S361-22$w(LexisNexis)cis09202627
=776  08$iMicrofiche version:$aUnited States. Congress. Senate. Committee on Banking, Housing, and Urban Affairs. Subcommittee on Housing and Urban Affairs.$tFinancial strength of the Federal Housing Administration.$d[Bethesda, Md.] : LexisNexis Academic & Library Solutions,[2004]$oCIS 91 S241-31$w(LexisNexis)cis09101970
=776  08$iPrint version:$aUnited States. Congress. Senate. Committee on Banking, Housing, and Urban Affairs. Subcommittee on Housing and Urban Affairs.$tFinancial strength of the Federal Housing Administration$w(DGPO)91065726$w(OCoLC)23101467
=810  1\$aUnited States.$bCongress.$bSenate.$tS. hrg. ;$v102-417.
=810  1\$aUnited States.$bCongress.$bSenate.$tS. hrg. ;$v101-1049.
=856  40$yConnect to FSU E-BOOK$uhttps://login.proxy.lib.fsu.edu/login?url=http://congressional.proquest.com/congcomp/getdoc?HEARING-ID=HRG-1991-FNS-0027$5FTaSU
=856  40$uhttp://congressional.proquest.com/congcomp/getdoc?HEARING-ID=HRG-1990-BHU-0047$yClick here for full text$zLicensed for access by UF students, faculty, staff and other registered users.$5FU
=951  \\$105$aFSU01:002666192;$5FTaSU
=951  \\$108$aUFU01:005040322;$5FU

