=LDR  03675nam a22005291a 4500
=001  021202281
=005  20110211125030.0
=006  m\\\\\\\\d\f\\\\\\
=007  cr\bn\mmmapmmp
=008  091022s1991\\\\dcua\\\\sb\\\f000\0\eng\d
=035  \\$a(CIS)cis2007469556
=040  \\$aLexisNexis$cLexisNexis
=043  \\$an-us---
=074  \\$a1037-B, 1037-C (MF)
=074  \\$a1040-A, 1040-B (MF)
=086  0\$aY 4.En 2:S.hrg.102-30
=086  0\$aY 4.G 74/9:S.hrg.102-575
=099  \\$aHRG-1991-NAR-0004
=099  \\$aHRG-1991-SGA-0030
=110  1\$aUnited States.$bCongress.$bSenate.$bCommittee on Energy and Natural Resources.
=245  10$aAlternative fuel fleets$h[electronic resource] :$b(Title VII of S. 570) : hearing before the Committee on Energy and Natural Resources, United States Senate, One Hundred Second Congress, first session ... March 20, 1991.
=260  \\$aWashington :$bU.S. G.P.O.,$c1991.
=300  \\$aiii, 123 p. :$bill. ;$c24 cm.
=490  1\$aS. hrg. ;$v102-575$5FTaSU
=490  1\$aS. hrg. ;$v102-30$5FU
=500  \\$aRecord is based on bibliographic data in LexisNexis Congressional Hearings Digital Collection. Reuse except for individual research requires license from LexisNexis Academic & Library Solutions.$5FU$5FTaSU
=500  \\$aHRG-1991-NAR-0004$5FU
=504  \\$aIncludes bibliographical references.
=533  \\$aElectronic reproduction.$b[Bethesda, Md.] :$cLexisNexis Academic & Library Solutions,$d2004.$edigital, PDF file.$nLexisNexis U.S. Congressional Hearings Digital Collection.$nMode of access: World Wide Web via LexisNexis website.$5FU$5FTaSU
=538  \\$aSystem requirements: PDF reader software.$5FU$5FTaSU
=610  10$aUnited States.$bDept. of Defense$xData processing$xSecurity measures.
=650  \0$aSpark ignition engines$xAlternative fuels$xGovernment policy$zUnited States.
=650  \0$aDiesel motor$xAlternative fuels$xGovernment policy$zUnited States.
=650  \0$aMotor vehicle fleets$xEnergy consumption$xGovernment policy$zUnited States.
=650  \0$aPersian Gulf War, 1991$zUnited States.
=650  \0$aNational security$zUnited States.
=650  \0$aComputer security$zUnited States.
=730  0\$aLexisNexis U.S. Congressional Hearings Digital Collection.
=776  08$iPrint version:$aUnited States. Congress. Senate. Committee on Governmental Affairs. Subcommittee on Government Information and Regulation$tLesson of the Gulf War$w(DGPO)92078394$w(OCoLC)26154903
=776  08$iMicrofiche version:$aUnited States. Congress. Senate. Committee on Governmental Affairs. Subcommittee on Government Information and Regulation$tLesson of the Gulf War.$d[Bethesda, Md.] : LexisNexis Academic & Library Solutions,[2004]$oCIS 92 S401-32$w(LexisNexis)cis09202838
=776  08$iMicrofiche version:$aUnited States. Congress. Senate. Committee on Energy and Natural Resources$tAlternative fuel fleets.$d[Bethesda, Md.] : LexisNexis Academic & Library Solutions,[2004]$oCIS 91 S311-47$w(LexisNexis)cis09102131
=776  08$iPrint version:$aUnited States. Congress. Senate. Committee on Energy and Natural Resources$tAlternative fuel fleets$w(DGPO)91073897$w(OCoLC)23953679
=810  1\$aUnited States.$bCongress.$bSenate.$tS. hrg. ;$v102-30.
=856  40$yConnect to FSU E-BOOK$uhttps://login.proxy.lib.fsu.edu/login?url=http://congressional.proquest.com/congcomp/getdoc?HEARING-ID=HRG-1991-SGA-0030$5FTaSU
=856  40$uhttp://congressional.proquest.com/congcomp/getdoc?HEARING-ID=HRG-1991-NAR-0004$yClick here for full text$zLicensed for access by UF students, faculty, staff and other registered users.$5FU
=951  \\$105$aFSU01:002666310;$5FTaSU
=951  \\$108$aUFU01:005040441;$5FU

