=LDR  03602nam a22005051a 4500
=001  021206883
=005  20110211125259.0
=006  m\\\\\\\\d\f\\\\\\
=007  cr\bn\mmmapmmp
=008  091022s1991\\\\dcua\\\\s\\\\f000\0\eng\d
=035  \\$a(CIS)cis2007469688
=040  \\$aLexisNexis$cLexisNexis
=043  \\$an-us---$aa-cc---
=074  \\$a1043-A, 1043-B (MF)
=074  \\$a1039-A, 1039-B (MF)
=086  0\$aY 4.F 76/2:S.hrg.101-1125
=086  0\$aY 4.L 11/4:S.hrg.102-257
=099  \\$aHRG-1990-FOR-0021
=099  \\$aHRG-1991-LHR-0025
=110  1\$aUnited States.$bCongress.$bSenate.$bCommittee on Foreign Relations.$bSubcommittee on East Asian and Pacific Affairs.
=245  10$aSino-American relations$h[electronic resource] :$bone year after the massacre at Tiananmen Square : hearing before the Subcommittee on East Asian and Pacific Affairs of the Committee on Foreign Relations, United States Senate, One Hundred First Congress, second session, June 6, 1990.
=260  \\$aWashington :$bU.S. G.P.O.,$c1991.
=300  \\$aiii, 605 p. :$bill. ;$c24 cm.
=490  1\$aS. hrg. ;$v102-257$5FTaSU
=490  1\$aS. hrg. ;$v101-1125$5FU
=500  \\$aRecord is based on bibliographic data in LexisNexis Congressional Hearings Digital Collection. Reuse except for individual research requires license from LexisNexis Academic & Library Solutions.$5FU$5FTaSU
=500  \\$aHRG-1990-FOR-0021$5FU
=533  \\$aElectronic reproduction.$b[Bethesda, Md.] :$cLexisNexis Academic & Library Solutions,$d2004.$edigital, PDF file.$nLexisNexis U.S. Congressional Hearings Digital Collection.$nMode of access: World Wide Web via LexisNexis website.$5FU$5FTaSU
=538  \\$aSystem requirements: PDF reader software.$5FU$5FTaSU
=650  \0$aHuman rights$zChina.
=650  \0$aBreast$xCancer$zUnited States.
=651  \0$aChina$xPolitics and government$y1976-
=651  \0$aChina$xForeign relations$zUnited States.
=651  \0$aUnited States$xForeign relations$zChina.
=730  0\$aLexisNexis U.S. Congressional Hearings Digital Collection.
=776  08$iPrint version:$aUnited States. Congress. Senate. Committee on Foreign Relations. Subcommittee on East Asian and Pacific Affairs$tSino-American relations$w(DGPO)91067768$w(OCoLC)23230437
=776  08$iMicrofiche version:$aUnited States. Congress. Senate. Committee on Foreign Relations. Subcommittee on East Asian and Pacific Affairs$tSino-American relations.$d[Bethesda, Md.] : LexisNexis Academic & Library Solutions,[2004]$oCIS 91 S381-23$w(LexisNexis)cis09102354
=776  08$iMicrofiche version:$aUnited States. Congress. Senate. Committee on Labor and Human Resources. Subcommittee on Aging.$tWhy are we losing the war on breast cancer?.$d[Bethesda, Md.] : LexisNexis Academic & Library Solutions,[2004]$oCIS 92 S541-16$w(LexisNexis)cis09203050
=776  08$iPrint version:$aUnited States. Congress. Senate. Committee on Labor and Human Resources. Subcommittee on Aging.$tWhy are we losing the war on breast cancer?$w(DLC)91601971
=810  1\$aUnited States.$bCongress.$bSenate.$tS. hrg. ;$v102-257.
=810  1\$aUnited States.$bCongress.$bSenate.$tS. hrg. ;$v101-1125.
=856  40$yConnect to FSU E-BOOK$uhttps://login.proxy.lib.fsu.edu/login?url=http://congressional.proquest.com/congcomp/getdoc?HEARING-ID=HRG-1991-LHR-0025$5FTaSU
=856  40$uhttp://congressional.proquest.com/congcomp/getdoc?HEARING-ID=HRG-1990-FOR-0021$yClick here for full text$zLicensed for access by UF students, faculty, staff and other registered users.$5FU
=951  \\$105$aFSU01:002666442;$5FTaSU
=951  \\$108$aUFU01:005040573;$5FU

