=LDR  01780pam a22004214a 4500
=001  021212177
=005  20120622233400.0
=008  030604r20031859nyua\\\\\b\\\\001|0\eng\\
=010  \\$a  2003049220
=019  \\$a54037440
=020  \\$a1400041279 (hc. : alk. paper)
=035  \\$a(OCoLC)52424228
=040  \\$aDLC$cDLC$dYDX$dFDA
=042  \\$apcc
=043  \\$as------
=050  00$aQH365$b.O2 2003
=082  00$a576.8/2$221
=100  1\$aDarwin, Charles,$d1809-1882.
=245  14$aThe origin of species ;$band, The voyage of the Beagle /$cCharles Darwin ; with an introduction by Richard Dawkins.
=260  \\$aNew York :$bAlfred A. Knopf,$cc2003.
=300  \\$axlv, 972 p. :$bill. ;$c22 cm.
=490  0\$aEveryman's library$5FOFT$5FBoU
=490  0\$aEveryman's library ;$v258$5FTaSU$5FTaFA
=500  \\$aReprint of 2 works: First work originally published: On the origin of the species by means of natural selection. London : J. Murray, 1859; 2nd work originally published: Journal of researches into the geology and natural history of the various countries visited by H.M.S. Beagle. London : H. Colburn, 1839.$5FTaSU$5FTaFA$5FOFT$5FBoU
=504  \\$aIncludes bibliographical references (p.xxxii-xxxiii ).
=611  20$aBeagle Expedition$d(1831-1836)
=650  \0$aEvolution (Biology)
=650  \0$aNatural selection.
=650  \0$aNatural history.
=650  \0$aGeology.
=650  \0$aVoyages around the world.
=650  \0$aVoyages around the world$xHistory$y19th century.
=651  \0$aSouth America$xDescription and travel.
=700  12$aDarwin, Charles,$d1809-1882.$tVoyage of the Beagle.
=951  \\$101$aAMU01:000540228;$5FTaFA
=951  \\$107$aCFU01:001067055;$5FOFT
=951  \\$102$aFAU01:001074746;$5FBoU
=951  \\$105$aFSU01:002031475;$5FTaSU

