=LDR  01563cam a22004218a 4500
=001  021230076
=005  20120623063200.0
=008  920205s1989\\\\enka\\\\\b\\\\001|0\eng\d
=010  \\$a   89007445 
=019  \\$a19509604
=020  \\$a0745801951
=035  \\$a(OCoLC)25220467
=040  \\$aDLC$cDLC
=041  1\$aengslo
=050  00$aQR105.5$b.T68 1989
=072  \0$aW000$aX500
=082  00$a576/.138$220
=090  \\$aTD423$b.T67 1989
=100  1\$aTóth, Dezider,$d1941-
=245  10$aMicrobial interactions with chemical water pollution /$cD. Toth and D. Tomašovičová ; edited in translation by M.A. Winkler.
=260  \\$aChichester, West Sussex, England :$bE. Horwood ;$aNew York :$bHalsted Press,$c1989.
=300  \\$axvi, 176 p. :$bill. ;$c25 cm.
=490  0\$aEllis Horwood series in wastewater technology$5FBoU
=490  1\$aEllis Horwood series in water and wastewater technology$5FU$5FTaSU$5FOFT
=500  \\$aIncludes index.$5FOFT
=500  \\$aTranslated from the Slovak.$5FU$5FTaSU$5FOFT
=504  \\$aIncludes bibliographical references (p. [159]-171) and index.
=650  \0$aFreshwater microbiology.
=650  \0$aWater$xPollution.
=650  \0$aMicrobial metabolism.
=650  \0$aMicroorganisms$xPhysiology.
=700  1\$aTomašovičová, Daniela.
=700  1\$aTomas̆ovic̆ová, Daniela.
=830  \0$aEllis Horwood series, water and wastewater technology.
=951  \\$107$aCFU01:000379267;$5FOFT
=951  \\$102$aFAU01:000421893;$5FBoU
=951  \\$105$aFSU01:001064962;$5FTaSU
=951  \\$108$aUFU01:001523796;$5FU

