=LDR  03102cam a2200649Ia 4500
=001  021236760
=005  20111102131531.0
=006  m\\\\\\\\d\\\\\\\\
=007  cr\mnu\\\unuuu
=007  cr\cn|
=008  091216s2009\\\\it\a\\\\sb\\\\000\0\ita\d
=020  \\$a9788847011007 (electronic bk.)
=020  \\$a8847011000 (electronic bk.)
=020  \\$a9788847011007 (e-isbn)
=020  \\$a8847011000 (e-isbn)
=020  \\$a9788847011007
=020  \\$a8847011000
=020  \\$z9788847010970
=020  \\$z8847010977
=035  \\$a(OCoLC)489216183
=037  \\$a978-88-470-1097-0$bSpringer$nhttp://www.springerlink.com
=040  \\$aGW5XE$beng$cGW5XE$dN{dollar}T$dOCLCQ$dOSU$dCEF$dOCLCQ
=045  \\$ax4x-
=050  \4$aTL799.M6
=050  14$aTL799.M6$bM257 2009
=072  \7$aTEC$x009000$2bisacsh
=082  04$a629$222
=100  1\$aMagionami, Paolo.
=245  14$aGli anni della luna$h[electronic resource] :$b1950-1972, l'epoca d'oro della corsa allo spazio /$cPaolo Magionami.
=260  \\$aMilano :$bSpringer,$cc2009.
=300  \\$a1 online resource (viii, 234, [3] p.) :$bill.
=440  \2$aI blu$5FTS
=490  1\$aI blu : pagine di scienza$5FU$5FMFIU
=490  1\$aI blu$5FOFT
=500  \\$aDescription based on print version record.$5FU$5FOFT
=504  \\$aIncludes bibliographical references (p. [235]).
=533  \\$aElectronic reproduction.$bNew York :$cSpringer,$d2009.$nMode of access: World Wide Web.$nSystem requirements: Web browser.$nTitle from title screen (viewed on Nov. 24, 2009).$nAccess may be restricted to users at subscribing institutions.$5FTS
=588  \\$aDescription based on print version record.
=650  \0$aSpace flight to the moon$xHistory.
=650  \0$aSpace flight$xHistory.
=650  \7$aTECHNOLOGY & ENGINEERING$xEngineering (General)$2bisacsh
=655  \0$aElectronic books.
=655  \7$aElectronic books.$2local
=710  2\$aSpringerLink (Online service)
=776  08$iPrint version:$aMagionami, Paolo.$tAnni della luna.$dMilano : Springer, 2009$z9788847010970$w(DLC) 2009492607$w(OCoLC)316828296
=776  1\$cOriginal$z9788847010970$z8847010977$w(DLC) 2009492607$w(OCoLC)316828296
=830  \0$aBlu (Milan, Italy)
=830  \0$aI blu.
=856  40$xSpringerLink$uhttp://ezproxy.lib.usf.edu/login?url=http://dx.doi.org/10.1007/978-88-470-1100-7$xAn electronic book accessible through the World Wide Web; click for information$yUSF ONLINE ACCESS$5FTS
=856  40$3SpringerLink$uhttp://dx.doi.org/10.1007/978-88-470-1100-7$5FU
=856  40$3SpringerLink$uhttp://ezproxy.fiu.edu/login?url=http://dx.doi.org/10.1007/978-88-470-1100-7$5FMFIU$yFIU users: view content here
=856  40$yUCF: Click here for ONLINE ACCESS$uhttps://login.ezproxy.net.ucf.edu/login?url=http://dx.doi.org/10.1007/978-88-470-1100-7$xxnoindex$5FOFT$zSpringerLink
=949  \\$aFTS$bSFERS$cBOOK$xPROCESSED 20091229 SpringerLink$hTL799.M6 (ONLINE:SpringerLink)$b(ONLINE:SpringerLink)
=951  \\$107$aCFU01:001872109;$5FOFT
=951  \\$104$aFIU01:001803074;$5FMFIU
=951  \\$110$aSFU01:002045930;$5FTS
=951  \\$108$aUFU01:005081933;$5FU

