=LDR  01379pam a2200373 i 4500
=001  021245504
=005  20060621111753.0
=008  770330s1977\\\\cau\\\\\\b\\\\000|0\engm\
=010  \\$a   77005657 
=020  \\$a0893702102 :$c{dollar}1.95
=020  \\$a0893702102
=035  \9$a(OCoLC)02910839
=040  \\$aDLC$cDLC$dFDA
=050  0\$aPS3515.E288$bZ87 1977
=082  0\$a813/.5/4
=090  \\$aPS3515.E288$bZ87 1977
=099  \\$aPS$a3515$a.E288$aZ87$a1977
=100  1\$aSlusser, George Edgar.
=245  10$aRobert A. Heinlein, stranger in his own land /$cGeorge Edgar Slusser.
=250  \\$a2d ed.
=260  \\$aSan Bernardino, Calif. :$bBorgo Press,$c1977.
=300  \\$a64 p. ;$c21 cm.
=440  \4$aThe Milford series.$pPopular writers of today ;$vv. 1$5FMFIU$5FTS
=490  0\$aPopular writers of today ; v. 1$5FSsNC$5FU$5FTaSU
=490  0\$aThe Milford series$5FSsNC$5FU$5FTaSU
=504  \\$aBibliography: p. 63-64.
=600  10$aHeinlein, Robert A.$q(Robert Anson),$d1907-$xCriticism and interpretation.
=600  10$aHeinlein, Robert A.$q(Robert Anson),$d1907-1988$xCriticism and interpretation.
=830  \0$aMilford series.$pPopular writers of today ;$vv. 1.
=951  \\$104$aFIU01:000162493;$5FMFIU
=951  \\$105$aFSU01:000312137;$5FTaSU
=951  \\$106$aNCU01:000039591;$5FSsNC
=951  \\$110$aSFU01:000283870;$5FTS
=951  \\$108$aUFU01:000169635;$5FU

