=LDR  03062cam a2200457 a 4500
=001  021255465
=005  20091116113812.0
=008  090129s2009\\\\ne\ab\\\\b\\\\001\0\eng\\
=015  \\$aGBA910305$2bnb
=016  7\$a014894580$2Uk
=016  7\$aB0902893$2bccb
=020  \\$a9781402096419 (cased)
=020  \\$a1402096410 (cased)
=020  \\$a1402096429 (e-book)
=020  \\$a9781402096426 (e-book)
=020  \\$a1402096410 (hbk.)
=020  \\$a9781402096419 (hbk.)
=035  \\$a(OCoLC)297148345
=040  \\$aUKM$cUKM$dBTCTA$dYDXCP$dNLGGC$dCDX$dBWX$dZCU$dSDB$dNDD$dFGM
=042  \\$aukblcatcopy
=050  \4$aHT391$b.P53 2009
=082  04$a307.12$222
=090  \\$aHT391$b.P53 2009
=245  00$aPlanning and socioeconomic applications /$cedited by Jay D. Gatrell, Ryan R. Jensen.
=260  \\$aDordrecht ;$aLondon :$bSpringer,$c2009.
=300  \\$ax, 223 p. :$bill., maps ;$c24 cm.
=440  \0$aGeotechnologies and the environment ;$v1$5FOFT
=490  0\$aGeotechnologies and the environment ;$v1$5FTaFA
=490  1\$aGeotechnologies and the environment ;$vv. 1$5FU$5FBoU
=504  \\$aIncludes bibliographical references and index.
=505  0\$aGeotechnologies in place and the environment / Jay D. Gatrell, Ryan R. Jensen -- GIS and economic development / Neil Reid ... [et al.] -- Identifying urban neighborhoods for tree canopy restoration through community participation / Jeffrey S. Wilson, Greg H. Lindsey -- The spatially varying relationship between local land-use policies and urban growth: a geographically weighted regression analysis / Robert Hanham, Richard J. Hoch, J. Scott Spiker -- GIS, ecosystems and urban planning in Auckland, New Zealand: technology, processes and people / Fraser Morgan, Eric W. LaFary -- Hyperspectral applications in urban geography / Vijay Lulla -- GIS and spatio-temporal trends in inequality: tracking profitability according to firm size in Japanese manufacturing, 1985-2006 / Shawn Banasick -- Situating urban environmental risk: using GIScience to understand risk in a midwestern city / Trevor Fuller, Jay D. Gatrell -- GIS and challenges to planning and development applications in peripheral regions / Rajiv Thakur, Madhuri Sharma -- Geospatial technologies for surveillance of heat related health disasters / Daniel P. Johnson -- Spatial analysis, policy, planning, and alternative energy production / James Pace, Jay D. Gatrell -- Environmental and social influences on historical county creation in the United States / Karinne Rancie ... [et al.] -- Local government use of GIS in comprehensive planning / Mark W. Patterson, Nancy Hoalst-Pullen.$5FU$5FBoU
=650  \0$aRegional planning$xMethodology.
=650  \0$aEconomic development$xSociological aspects.
=650  \0$aGeospatial data.
=700  1\$aJensen, Ryan R.,$d1973-
=700  1\$aGatrell, Jay D.
=830  \0$aGeotechnologies and the environment ;$vv. 1.
=951  \\$101$aAMU01:000867855;$5FTaFA
=951  \\$107$aCFU01:001481671;$5FOFT
=951  \\$102$aFAU01:001790265;$5FBoU
=951  \\$108$aUFU01:004608610;$5FU

