=LDR  03770nam a22005411a 4500
=001  021261324
=005  20110211132830.0
=006  m\\\\\\\\d\f\\\\\\
=007  cr\bn\mmmapmmp
=008  091024s1993\\\\dcua\\\\sb\\\f000\0\eng\d
=035  \\$a(CIS)cis2007471211
=040  \\$aLexisNexis$cLexisNexis
=043  \\$an-us---
=074  \\$a1037-B
=074  \\$a1035-C, 1035-D (MF)
=074  \\$a1037-C (MF)
=086  0\$aY 4.B 22/3:S.hrg.102-332
=086  0\$aY 4.G 74/9:S.HRG.102-1053
=099  \\$aHRG-1991-BHU-0039
=099  \\$aHRG-1992-SGA-0038
=110  1\$aUnited States.$bCongress.$bSenate.$bCommittee on Banking, Housing, and Urban Affairs.
=245  10$aNomination of William Taylor$h[electronic resource] :$bhearing before the Committee on Banking, Housing, and Urban Affairs, United States Senate, One Hundred Second Congress, first session, on the nomination of William Taylor, of Illinois, to be a member of the Board of Directors of the Federal Deposit Insurance Corporation for a term expiring February 28, 1993 ... September 24, 1991.
=260  \\$aWashington :$bU.S. G.P.O.,$c1992.
=300  \\$aiii, 163 p. ;$c24 cm.
=490  1\$aS. hrg. ;$v102-1053$5FTaSU
=490  1\$aS. hrg. ;$v102-332$5FU
=500  \\$aHRG-1991-BHU-0039$5FU
=500  \\$aRecord is based on bibliographic data in LexisNexis Congressional Hearings Digital Collection. Reuse except for individual research requires license from LexisNexis Academic & Library Solutions.$5FU$5FTaSU
=504  \\$aIncludes bibliographical references.
=533  \\$aElectronic reproduction.$b[Bethesda, Md.] :$cLexisNexis Academic & Library Solutions,$d2004.$edigital, PDF file.$nLexisNexis U.S. Congressional Hearings Digital Collection.$nMode of access: World Wide Web via LexisNexis website.$5FU$5FTaSU
=538  \\$aSystem requirements: PDF reader software.$5FU$5FTaSU
=600  10$aTaylor, William.
=610  10$aUnited States.$bDept. of Defense.
=610  20$aFederal Deposit Insurance Corporation$xOfficials and employees$xSelection and appointment.
=650  \0$aRadioactive waste sites$zUnited States.
=650  \0$aRadioactive pollution$xHealth aspects$zUnited States.
=650  \0$aRadioactive decontamination$zUnited States.
=730  0\$aLexisNexis U.S. Congressional Hearings Digital Collection.
=776  08$iPrint version:$aUnited States. Congress. Senate. Committee on Governmental Affairs.$tRadiological contamination in the United States$w(DGPO)93075625$w(OCoLC)27957516
=776  08$iMicrofiche version:$aUnited States. Congress. Senate. Committee on Governmental Affairs.$tRadiological contamination in the United States.$d[Bethesda, Md.] : LexisNexis Academic & Library Solutions,[2004]$oCIS 93 S401-23$w(LexisNexis)cis09302352
=776  08$iMicrofiche version:$aUnited States. Congress. Senate. Committee on Banking, Housing, and Urban Affairs.$tNomination of William Taylor.$d[Bethesda, Md.] : LexisNexis Academic & Library Solutions,[2004]$oCIS 92 S241-6$w(LexisNexis)cis09202298
=776  08$iPrint version:$aUnited States. Congress. Senate. Committee on Banking, Housing, and Urban Affairs.$tNomination of William Taylor$w(DGPO)92064489$w(OCoLC)25388546
=810  1\$aUnited States.$bCongress.$bSenate.$tS. hrg. ;$v102-1053.
=810  1\$aUnited States.$bCongress.$bSenate.$tS. hrg. ;$v102-332.
=856  40$yConnect to FSU E-BOOK$uhttps://login.proxy.lib.fsu.edu/login?url=http://congressional.proquest.com/congcomp/getdoc?HEARING-ID=HRG-1992-SGA-0038$5FTaSU
=856  40$uhttp://congressional.proquest.com/congcomp/getdoc?HEARING-ID=HRG-1991-BHU-0039$yClick here for full text$zLicensed for access by UF students, faculty, staff and other registered users.$5FU
=951  \\$105$aFSU01:002667974;$5FTaSU
=951  \\$108$aUFU01:005042128;$5FU

