=LDR  03900nam a22005531a 4500
=001  021265585
=005  20110211133013.0
=006  m\\\\\\\\d\f\\\\\\
=007  cr\bn\mmmapmmp
=008  091022s1991\\\\dcua\\\\sb\\\f000\0\eng\d
=035  \\$a(CIS)cis2007471329
=040  \\$aLexisNexis$cLexisNexis
=043  \\$an-us---$an-us-fl
=074  \\$a1043-A
=074  \\$a1040-A, 1040-B (MF)
=074  \\$a1043-B (MF)
=086  0\$aY 4.En 2:S.hrg.102-224
=086  0\$aY 4.L 11/4:S.HRG.103-18
=099  \\$aHRG-1991-NAR-0063
=099  \\$aHRG-1993-LHR-0022
=110  1\$aUnited States.$bCongress.$bSenate.$bCommittee on Energy and Natural Resources.
=245  10$aLegislation relating to oil and gas leasing on the outer continental shelf$h[electronic resource] :$bhearing before the Committee on Energy and Natural Resources, United States Senate, One Hundred Second Congress, first session on S. 734 ... S. 736 to amend the Outer Continental Shelf Lands Act, July 17, 1991.
=260  \\$aWashington :$bU.S. G.P.O.,$c1991.
=300  \\$aiii, 136 p. :$bill. ;$c24 cm.
=490  1\$aS. hrg. ;$v102-224$5FU
=490  1\$aS. hrg. ;$v103-18$5FTaSU
=500  \\$aHRG-1991-NAR-0063$5FU
=500  \\$aRecord is based on bibliographic data in LexisNexis Congressional Hearings Digital Collection. Reuse except for individual research requires license from LexisNexis Academic & Library Solutions.$5FU$5FTaSU
=504  \\$aIncludes bibliographical references (p. 29-30).
=533  \\$aElectronic reproduction.$b[Bethesda, Md.] :$cLexisNexis Academic & Library Solutions,$d2004.$edigital, PDF file.$nLexisNexis U.S. Congressional Hearings Digital Collection.$nMode of access: World Wide Web via LexisNexis website.$5FU$5FTaSU
=538  \\$aSystem requirements: PDF reader software.$5FU$5FTaSU
=650  \0$aSick leave$xLaw and legislation$zUnited States.
=650  \0$aLeave of absence$xLaw and legislation$zUnited States.
=650  \0$aParental leave$xLaw and legislation$zUnited States.
=650  \0$aEnvironmental law$zUnited States.
=650  \0$aPetroleum in submerged lands$zFlorida.
=650  \0$aContinental shelf$zFlorida.
=650  \0$aOil and gas leases$zFlorida.
=730  0\$aLexisNexis U.S. Congressional Hearings Digital Collection.
=776  08$iMicrofiche version:$aUnited States. Congress. Senate. Committee on Labor and Human Resources. Subcommittee on Children, Family, Drugs and Alcoholism$tFamily and Medical Leave Act of 1993.$d[Bethesda, Md.] : LexisNexis Academic & Library Solutions,[2004]$oCIS 93 S541-8$w(LexisNexis)cis09302516
=776  08$iPrint version:$aUnited States. Congress. Senate. Committee on Labor and Human Resources. Subcommittee on Children, Family, Drugs and Alcoholism$tFamily and Medical Leave Act of 1993$w(DGPO)94059838$w(OCoLC)28237197
=776  08$iMicrofiche version:$aUnited States. Congress. Senate. Committee on Energy and Natural Resources$tLegislation relating to oil and gas leasing on the outer continental shelf.$d[Bethesda, Md.] : LexisNexis Academic & Library Solutions,[2004]$oCIS 92 S311-3$w(LexisNexis)cis09202450
=776  08$iPrint version:$aUnited States. Congress. Senate. Committee on Energy and Natural Resources$tLegislation relating to oil and gas leasing on the outer continental shelf$w(DGPO)92056065$w(OCoLC)24801323
=810  1\$aUnited States.$bCongress.$bSenate.$tS. hrg. ;$v103-18.
=810  1\$aUnited States.$bCongress.$bSenate.$tS. hrg. ;$v102-224.
=856  40$yConnect to FSU E-BOOK$uhttps://login.proxy.lib.fsu.edu/login?url=http://congressional.proquest.com/congcomp/getdoc?HEARING-ID=HRG-1993-LHR-0022$5FTaSU
=856  40$uhttp://congressional.proquest.com/congcomp/getdoc?HEARING-ID=HRG-1991-NAR-0063$yClick here for full text$zLicensed for access by UF students, faculty, staff and other registered users.$5FU
=951  \\$105$aFSU01:002668092;$5FTaSU
=951  \\$108$aUFU01:005042250;$5FU

