=LDR  02646nam a2200709 a 4500
=001  021271960
=005  20110429152611.0
=008  940411s1994\\\\enk\\\\\\b\\\\001|0\eng\d
=010  \\$agb 94028323 
=015  \\$aGB94-28323
=019  \\$a30401859
=020  \\$a1855660334 (Tamesis Books : alk. paper)
=020  \\$a8488546068 (Editorial Támesis)
=020  \\$a8488546068 (Spain)
=020  \\$a1855660334
=035  \\$a(OCoLC)32017626
=040  \\$aUKM$cUKM$dFDA
=042  \\$alccopycat
=043  \\$an-us---$acl-----
=050  04$aF1418$b.L56 1994
=082  04$a303.48/27308$220
=082  04$a327.7308$220
=090  \\$aF1418$b.L56 1994
=100  1\$aLipp, Solomon.
=245  10$aU.S.A. - Spanish America :$bchallenge and response /$cSolomon Lipp.
=260  \\$aLondon :$bTamesis,$c1994.
=300  \\$a156 p. ;$c25 cm.
=490  0\$aColección Támesis. Serie A, Monografías ;$v154$5FBoU$5FTaSU
=490  0\$aColección Támesis. Serie A, Monografias ;$v154$5FU
=500  \\$aIncludes index.$5FBoU$5FTaSU$5FU
=504  \\$aBibliography: p. 145-152.
=650  \0$aNational characteristics, American.
=651  \0$aUnited States$xForeign relations$zLatin America.
=651  \0$aLatin America$xForeign relations$zUnited States.
=651  \0$aLatin America$xRelations$zUnited States.
=651  \0$aUnited States$xRelations$zLatin America.
=653  0\$aCentral America
=653  0\$aForeign relations
=653  0\$aUnited States
=653  0\$aSouth America
=740  0\$aUSA-Spanish America.
=970  01$tPreface
=970  11$l1$tAmerica: Nomenclature and "Discovery"$p1
=970  11$l2$tEuropean Reactions$p7
=970  11$l3$tColonization: North and South$p15
=970  11$l4$tEssence and Identity$p25
=970  11$l5$tSpanish America in Search of Identity$p36
=970  11$l6$tView of Spanish America$p48
=970  11$l7$tUnited States: Problems of Identity$p65
=970  11$l8$tSpanish Americans View the United States$p78
=970  11$l9$tEuropean and Canadian Views of the United States$p108
=970  11$l10$tTwo Americas: Old Habits, New Challenges$p116
=970  11$tApp. A Concerning the "Frontier Thesis" of Frederick Jackson Turner$p133
=970  11$tApp. B Concerning Nation Character$p135
=970  11$tApp. C Concerning the Puritans and Puritanism$p139
=970  11$tApp. D Concerning U.S. Intervention$p141
=970  11$tApp. E Concerning Dependency and Underdevelopment$p143
=970  01$tList of Works Consulted$p145
=970  01$tIndex$p153
=951  \\$102$aFAU01:000526552;$5FBoU
=951  \\$105$aFSU01:001414810;$5FTaSU
=951  \\$108$aUFU01:001931915;$5FU

