=LDR  03441cam a2200577Ia 4500
=001  021279703
=005  20110309135527.0
=006  m\\\\\\\\d\\\\\\\\
=007  cr\cn|
=008  091230s2009\\\\gw\a\\\\ob\\\\001\0\eng\d
=020  \\$a9783642031878 (e-isbn)
=020  \\$a3642031870 (e-isbn)
=020  \\$a9783642031878
=020  \\$a3642031870
=035  \\$a(OCoLC)495479156
=037  \\$a978-3-642-03186-1$bSpringer$nhttp://www.springerlink.com
=040  \\$aGW5XE$beng$cGW5XE$dCEF$dOSU
=050  \4$aQA76.9.A25$bW364 2009
=050  \4$aQA76.9.A25
=082  04$a005.82$222
=100  1\$aWang, Feng-Hsing.
=245  10$aInnovations in digital watermarking techniques$h[electronic resource] /$cFeng-Hsing Wang, Jeng-Shyang Pan, and Lakhmi C. Jain.
=260  \\$aBerlin :$bSpringer,$cc2009.
=300  \\$a1 online resource (xiv, 186 p.) :$bill.
=490  1\$aStudies in computational intelligence ;$vVol. 232$5FTS$5FMFIU$5FOFT
=490  1\$aStudies in computational intelligence,$x1860-949X ;$vv. 232$5FU
=500  \\$aIncludes index.$5FTS$5FMFIU$5FOFT
=504  \\$aIncludes bibliographical references (p. 179-184) index.
=505  2\$aDigital watermarking techniques -- Intelligent techniques -- Spatial-based watermarking schemes and pixel selection -- Discrete cosine transform based watermarking scheme and band selection -- Vector quantisation based watermarking schemes and codebook production -- Genetic index assignment -- Genetic watermark modification -- Watermarking based on multiple description VQ -- Fake watermark embedding scheme based on multi-stage VQ -- Watermarking with visual cryptography and gain-shape VQ.$5FU
=533  \\$aElectronic reproduction.$bNew York :$cSpringer,$d2009.$nMode of access: World Wide Web.$nSystem requirements: Web browser.$nTitle from title screen (viewed on Dec. 8, 2009).$nAccess may be restricted to users at subscribing institutions.$5FTS$5FMFIU$5FOFT
=588  \\$aDescription based on print version record.
=650  \0$aDigital watermarking.
=650  \0$aData encryption (Computer science)
=650  \0$aComputer security.
=655  \0$aElectronic books.
=655  \7$aElectronic books.$2local
=700  1\$aJain, L. C.
=700  1\$aPan, Jeng-Shyang.
=710  2\$aSpringerLink (Online service)
=776  08$iPrint version:$aWang, Feng-Hsing.$tInnovations in digital watermarking techniques.$dBerlin :Springer, c2009$z9783642031861$w(OCoLC)428029023
=776  1\$cOriginal$z9783642031861$z3642031862$w(OCoLC)463791538
=830  \0$aStudies in computational intelligence ;$vv. 232.
=856  40$xSpringerLink$uhttp://ezproxy.lib.usf.edu/login?url=http://dx.doi.org/10.1007/978-3-642-03187-8$xAn electronic book accessible through the World Wide Web; click for information$5FTS
=856  40$3SpringerLink$uhttp://dx.doi.org/10.1007/978-3-642-03187-8$5FU
=856  40$3SpringerLink$uhttp://ezproxy.fiu.edu/login?url=http://dx.doi.org/10.1007/978-3-642-03187-8$yFIU users: view content here$5FMFIU
=856  40$yUCF: Click here for ONLINE ACCESS$uhttps://login.ezproxy.net.ucf.edu/login?url=http://dx.doi.org/10.1007/978-3-642-03187-8$xxnoindex$5FOFT$zSpringerLink
=949  \\$aFTS$bSFERS$cBOOK$xPROCESSED 20100106SpringerLink$hQA76.9.A25 (ONLINE:SpringerLink)$b(ONLINE:SpringerLink)
=951  \\$107$aCFU01:001871876;$5FOFT
=951  \\$104$aFIU01:001614519;$5FMFIU
=951  \\$110$aSFU01:002047218;$5FTS
=951  \\$108$aUFU01:005079871;$5FU

