=LDR  00821nam a2200265I  4500
=001  021286949
=005  20070626150309.0
=008  720726c19571955nyu\\\\\\\\\\\000\1\eng\c
=010  \\$a   57009494 
=035  \\$a(OCoLC)00365413
=040  \\$aWSU$cWSU$dm.c.$dFWA
=090  \\$aPR6013.R44$bL67 1957
=090  \\$aPR6013.R44$bL6
=100  1\$aGreene, Graham,$d1904-1991.
=245  10$aLoser takes all$c[by] Graham Greene.
=250  \\$aCompass books ed.
=260  \\$aNew York,$bViking Press$c[1957]
=300  \\$a126 p.$c21 cm.
=490  0\$aCompass books, C-27$5FPeU$5FSsNC
=490  0\$aCompass books ;$vC-27$5FJUNF
=650  \0$aMarriage$xFiction.
=650  \0$aGambling$zMonaco$zMonte Carlo$xFiction.
=951  \\$106$aNCU01:000071703;$5FSsNC
=951  \\$109$aNFU01:000424349;$5FJUNF
=951  \\$111$aWFU01:000056367;$5FPeU

