=LDR  01062nam a22003131  4500
=001  021297371
=005  20120623033400.0
=008  850814s1961\\\\nyua\\\\\b\\\\000|0\engmc
=010  \\$a   61011382 /L/r85
=035  \\$a(OCoLC)00761791
=040  \\$aDLC/ICU$cCGU$dm.c.$dFUH
=050  0\$aQP187$b.M638
=082  0\$a612.45
=092  \\$a612.45$bM818a
=096  \\$aWK 750 M818a 1961
=100  1\$aMoon, Henry Dukes,$d1914-$eed.
=245  14$aThe adrenal cortex,$cby 19 authors.
=260  \\$a[New York]$bHoeber$c[1961]
=300  \\$a315 p.$billus.$c26 cm.
=440  \0$aMonographs in pathology ;$vno. 2$5FU
=490  0\$aInternational Academy of Pathology. Monographs in pathology, no.2$5FBoU
=490  1\$aInternational Academy of Pathology. Monographs in pathology,$vno. 2$5FTaSU
=504  \\$aIncludes bibliography.
=650  \0$aAdrenal cortex
=650  \2$aAdrenal Cortex$xcollected works
=830  \0$aMonographs in pathology ;$vno. 2.
=951  \\$102$aFAU01:000108031;$5FBoU
=951  \\$105$aFSU01:000716434;$5FTaSU
=951  \\$108$aUFU01:000537183;$5FU

