=LDR  02552cam a22006134a 4500
=001  021307570
=005  20080814155401.0
=006  j\\n\\\\\\\\\\\\\\
=007  co\cga||||||||
=007  sd\fungnn\\\e\
=008  040512s2005\\\\paua\\\\\b\\\\001\0\eng\\
=010  \\$a2004011279
=015  \\$aGBA450626$2bnb
=016  7\$a101216971$2DNLM
=016  7\$a012950373$2Uk
=019  \\$a61527290
=020  \\$a9781582553542 (alk. paper)
=020  \\$a1582553548 (alk. paper)
=035  \\$a(OCoLC)55230480
=035  \\$a(ALEPHNF)643686
=040  \\$aDNLM/DLC$cDLC$dYDX$dNLM$dBAKER$dJVD$dYDXCP$dUKM$dBTCTA$dZCU$dQ3H$dFUJ
=042  \\$apcc
=050  10$aRC734.A94$bB74 2005
=060  00$a2004 K-926
=060  10$aWF 102$bB8284 2005
=082  00$a616.07/544$222
=096  \\$aWF102$b.B8284 2005
=245  00$aBreath sounds made incredibly easy!.
=260  \\$aAmbler, PA :$bLippincott Williams & Wilkins,$cc2005.
=300  \\$aviii, 208 p. :$bill. ;$c23 cm.$e1 sound disc (4 3/4 in.)
=490  1\$aIncredibly easy$5FU
=490  1\$aMade incredibly easy$5FU
=504  \\$aIncludes bibliographical references (p. 201) and index.
=505  0\$aRespiratory system anatomy and physiology -- Respiratory assessment -- Introduction to breath sounds -- Normal breath sounds -- Bronchial breath sounds -- Abnormal voice sounds -- Absent and diminished breath sounds -- Adventitious sounds: crackles -- Adventitious sounds: wheezes -- Common disorders -- Auscultation findings for selected chest disorders.$5FU$5FJUNF$5FBoU
=590  \\$aAccompanying CD in separate container.$5FJUNF
=650  \0$aAuscultation.
=650  \0$aRespiratory organs$xSounds.
=650  \0$aRespiratory organs$xPathophysiology.
=650  \0$aRespiratory organs$xDiseases$xDiagnosis.
=650  \6$aAuscultation
=650  \6$aAppareil respiratoire$xBruits
=650  \6$aAppareil respiratoire$xPhysiopathologie
=650  \6$aAppareil respiratoire$xMaladies$xDiagnostic
=650  \6$aAuscultation$vLogiciels
=650  \6$aAppareil respiratoire$xBruits$vLogiciels
=650  \6$aAppareil respiratoire$xPhysiopathologie$vLogiciels
=650  \6$aAppareil respiratoire$xMaladies$xDiagnostic$vLogiciels
=650  12$aRespiratory Sounds.
=710  2\$aLippincott Williams & Wilkins.
=830  \0$aIncredibly easy (Philadelphia, Pa.)
=856  42$3Publisher description$uhttp://www.loc.gov/catdir/enhancements/fy0712/2004011279-d.html$5FU
=951  \\$102$aFAU01:001216630;$5FBoU
=951  \\$109$aNFU01:000643686;$5FJUNF
=951  \\$108$aUFU01:004215842;$5FU

