=LDR  01529nam a22004211  4500
=001  021331339
=005  20120530135215.0
=008  721006s1956\\\\nyuab\\\\b\\\\001|0\eng\\
=010  \\$a   56007677 
=035  \9$a(OCoLC)00423912
=040  \\$cCarP
=043  \\$as-bl---
=050  0\$aE51$b.C7 no.37
=050  00$aE51$b.C7 no. 37$aF2651.M5H3
=051  \\$aF2651.M5$bH3$cCopy 2.
=082  0\$a918.14*
=090  \\$aE51$b.C7 no.37
=090  \\$aF2651.M5$bH3
=092  \\$a572.07$bC726c no.37
=100  1\$aHarris, Marvin,$d1927-
=245  10$aTown and country in Brazil.
=260  \\$aNew York,$bColumbia University Press,$c1956.
=300  \\$ax, 302 p.$billus., maps, tables.$c23 cm.
=440  \0$aColumbia University contributions to anthropology,$vv. 37$5FMFIU$5FTS
=490  0\$aColumbia University contributions to anthropology, no. 37$5FBoU
=490  1\$aColumbia University contributions to anthropology, v.37$5FTaFA$5FTaSU
=504  \\$aBibliography: p. [291]-292.
=650  \0$aCities and towns$zBrazil$xCase studies.
=651  \0$aMinas Velhas (Brazil)
=651  \0$aRio de Contas (Brazil)
=810  1\$aColumbia University.$tColumbia University contributions to anthropology,$vv. 37
=830  \0$aColumbia University contributions to anthropology,$vno. 37.
=951  \\$101$aAMU01:000048660;$5FTaFA
=951  \\$102$aFAU01:000072927;$5FBoU
=951  \\$104$aFIU01:000066031;$5FMFIU
=951  \\$105$aFSU01:000094348;$5FTaSU
=951  \\$110$aSFU01:000683863;$5FTS
=951  \\$108$aUFU01:000719640;$5FU

