=LDR  01346nam a2200385I  4500
=001  021338053
=005  20110603112706.0
=008  720823s1965\\\\nyu\\\\\\b\\\\000|0\eng\\
=010  \\$a   65001618 
=019  \\$a804304
=035  \\$a(OCoLC)00388134
=040  \\$cCSU$dFGM
=050  0\$aCB361$b.K69
=050  0\$aB775$b.K72 1965
=082  0\$a914.5
=090  \\$aCB361$b.K69
=100  1\$aKristeller, Paul Oskar,$d1905-1999.
=245  10$aRenaissance thought II;$bpapers on humanism and the arts.
=260  \\$aNew York, NY :$bHarper & Row,$c[1965].
=300  \\$ax, 234p. ;$c21cm.
=490  0\$aHarper torchbooks,$vTB1163. The Academy library$5FTaSU
=490  0\$aHarper torchbooks, TB1163. The Academy library$5FU$5FFmFGC$5FPeU$5FSsNC$5FOFT$5FBoU
=500  \\$aSequel to Renaissance thought.$5FU$5FFmFGC$5FPeU$5FTaSU$5FSsNC$5FOFT$5FBoU
=504  \\$aIncludes bibliographical references and index.
=650  \0$aHumanism.
=650  \0$aRenaissance.
=830  \0$aHarper torchbooks ;$vTB 1163.
=830  \0$aHarper torchbooks.$pAcademy library.
=951  \\$107$aCFU01:000084417;$5FOFT
=951  \\$102$aFAU01:000111077;$5FBoU
=951  \\$105$aFSU01:001555400;$5FTaSU
=951  \\$103$aGCU01:000033696;$5FFmFGC
=951  \\$106$aNCU01:000072233;$5FSsNC
=951  \\$108$aUFU01:000037870;$5FU
=951  \\$111$aWFU01:000059559;$5FPeU

