=LDR  01249nam a2200337I  4500
=001  021346035
=005  20041227114503.0
=008  720829\19641955\\\\\\\\\\\\\\\\\\\\eng\u
=035  \\$a(OCoLC)00394722
=040  \\$cWSU$dFNP
=090  \\$aHF3151$b.B3 1964
=090  \\$aHF3151$b.B3
=092  \\$a381$bB161n, 1964
=100  1\$aBailyn, Bernard.
=245  14$aThe New England merchants in the seventeenth century.
=260  \\$aNew York, :$bHarper & Row,$c[1964, c1955].
=300  \\$aviii, 245 p. ;$c21 cm.
=490  0\$aHarper torchbooks, TB1149$5FJUNF
=490  0\$aThe Academy library$5FJUNF
=490  0\$aA Harper torchbook; the academy library$5FOFT$5FU$5FSsNC
=500  \\$aOrignally published by Harvard University in 1955 as part of the series, Studies in entrepeneurial history.$5FJUNF
=500  \\$aBased on the author's thesis--Harvard University.$5FJUNF
=504  \\$aIncludes bibliographical references.
=650  \0$aMerchants$zUnited States.
=650  \0$aMerchants$zNew England.
=651  \0$aNew England$xCommerce.
=830  \0$aStudies in entrepreneurial history.
=951  \\$107$aCFU01:000049990;$5FOFT
=951  \\$106$aNCU01:000072343;$5FSsNC
=951  \\$109$aNFU01:000058518;$5FJUNF
=951  \\$108$aUFU01:000038451;$5FU

