=LDR  01084nam a2200289I  4500
=001  021356871
=005  20120623070000.0
=008  720829\1966\\\\ve\ab\\\\b\\\\001|0\spa\c
=010  \\$a66098950  
=035  \\$a(OCoLC)00395102
=040  \\$aOhio Univ Lib
=043  \\$as-ve---
=050  \\$aF2331.L3$bV5
=092  \\$a330.6$bC822m, [v.16]
=100  1\$aVila, Marco Aurelio.
=245  10$aAspectos geográficos del Estado Lara.
=260  \\$aCaracas$b[Corporación Venezolana de Fomento]$c1966.
=300  \\$a274 p.$billus., fold. maps.$c24 cm.
=490  1\$aC. V. F. Serie monografías estatales"$5FU$5FTaSU
=490  1\$aCorporación Venezolana de Fomento. Monografías Técnicos. Monografías$5FMFIU
=504  \\$aIncludes bibliographical references: p. 273-274 and index.
=651  \0$aLara, Venezuela$xDescription and travel.
=810  2\$aCorporación Venezolana de Fomento.$tMonografías económicas estadales
=830  \0$aMonografías económicas estadales
=951  \\$104$aFIU01:000892154;$5FMFIU
=951  \\$105$aFSU01:000088299;$5FTaSU
=951  \\$108$aUFU01:000038462;$5FU

