=LDR  03556cam a2200517La 4500
=001  021367809
=005  20071105135937.0
=006  m\\\\\\\\u\\\\\\\\
=007  cr\cn|
=008  001121s2000\\\\njua\\\\sb\\\\000\0\eng\d
=020  \\$a0585314845 (electronic bk.) :$c{dollar}34.95
=035  \\$a(OCoLC)45731002
=040  \\$aN{dollar}T$cN{dollar}T$dOCL$dOCLCQ
=050  14$aLC3731$b.E39 2000eb
=245  00$aEducating Language Minority Children$h[electronic resource] /$cedited by Rosalie Pedalino Porter.
=260  \\$aNew Brunswick, N.J. :$bTransaction Publishers,$c2000.
=300  \\$a178 p. :$bill. ;$c22 cm.
=490  1\$aREAD perspectives ;$v6$5FMFIU$5FBoU$5FTS$5FU$5FTaFA$5FTaSU$5FOFT
=490  1\$aREAD Institute (Washington, D.C.). READ perspectives ;$vv. 6$5FJUNF
=504  \\$aIncludes bibliographical references.
=533  \\$aElectronic reproduction.$bBoulder, Colo. :$cNetLibrary,$d2000.$nAvailable via World Wide Web.$nAccess may be limited to NetLibrary affiliated libraries.$5FMFIU$5FJUNF$5FBoU$5FTS$5FU$5FTaFA$5FTaSU$5FOFT
=650  \0$aEnglish language$xStudy and teaching$zUnited States$xForeign speakers.
=650  \0$aMainstreaming in education$zUnited States.
=650  \0$aMinorities$xEducation$zUnited States.
=655  \7$aElectronic books.$2local
=700  1\$aPedalino Porter, Rosalie.
=710  2\$aNetLibrary, Inc.
=776  1\$cOriginal$z076580669X
=830  \0$aREAD perspectives ;$v6
=830  \0$aREAD Institute (Washington, D.C.).$aREAD perspectives ;$vv. 6.
=856  4\$yClick here for FULL TEXT from EBSCOhost eBook Collection$uhttps://login.ezproxy.net.ucf.edu/login?url=http://www.netLibrary.com/urlapi.asp?action=summary&v=1&bookid=50497$5FOFT$zEBSCOhost eBook Collection
=856  4\$3Bibliographic record display$uhttp://famuproxy.fcla.edu/login?url=http://www.netLibrary.com/urlapi.asp?action=summary&v=1&bookid=50497$zAn electronic book accessible through the World Wide Web; click for information$5FTaFA
=856  4\$xBibliographic record display$uhttp://ezproxy.lib.usf.edu/login?url=http://www.netLibrary.com/urlapi.asp?action=summary&v=1&bookid=50497$xAn electronic book accessible through the World Wide Web; click for information$yUSF ONLINE ACCESS$5FTS$3EBSCOhost eBook Collection
=856  4\$3Bibliographic record display$uhttp://ezproxy.fau.edu/login?url=http://www.netLibrary.com/urlapi.asp?action=summary&v=1&bookid=50497$zAn electronic book accessible through the World Wide Web; click for information$5FBoU
=856  4\$yRead this E-book$uhttps://login.dax.lib.unf.edu/login?url=http://www.netLibrary.com/urlapi.asp?action=summary&v=1&bookid=50497$zOff campus access restricted to current UNF students, faculty & staff$5FJUNF
=856  4\$uhttp://ezproxy.fiu.edu/login?url=http://www.netLibrary.com/urlapi.asp?action=summary&v=1&bookid=50497$yFIU users: view content here$5FMFIU
=856  4\$xBibliographic record display$uhttp://www.netLibrary.com/urlapi.asp?action=summary&v=1&bookid=50497$zLicensed for UF students, faculty and staff$yRead this E-book$5FU
=856  4\$uhttps://login.proxy.lib.fsu.edu/login?url=http://www.netlibrary.com/urlapi.asp?action=summary&v=1&bookid=50497$yFSU: Off-campus access limited to current FSU students & employees$5FTaSU
=951  \\$101$aAMU01:000480357;$5FTaFA
=951  \\$107$aCFU01:000980389;$5FOFT
=951  \\$102$aFAU01:000853101;$5FBoU
=951  \\$104$aFIU01:001027216;$5FMFIU
=951  \\$105$aFSU01:001945384;$5FTaSU
=951  \\$109$aNFU01:000566609;$5FJUNF
=951  \\$110$aSFU01:001366661;$5FTS
=951  \\$108$aUFU01:002835514;$5FU

