=LDR  02381pam a2200565 a 4500
=001  021377494
=005  20120623083800.0
=008  840413s1985\\\\ctu\\\\\\b\\\\001\0\eng\\
=010  \\$a   84008995 
=015  \\$aGB86-103
=019  \\$a13121119
=020  \\$a0313238944 (lib. bdg.)
=020  \\$a0313238944 (lib. bdg.) :$c{dollar}29.95
=035  \\$a(OCoLC)10722952
=040  \\$aDLC$cDLC$dFDA
=043  \\$an-us---
=050  0\$aE184.7$b.S715 1985
=050  0\$aE184.7$b.S72
=082  0\$a305.8/96073$219
=100  1\$aStanfield, John H.
=245  10$aPhilanthropy and Jim Crow in American social science /$cJohn H. Stanfield.
=260  \\$aWestport, Conn. :$bGreenwood Press,$c1985.
=300  \\$axii, 216 p. ;$c24 cm.
=440  \0$aContributions in Afro-American and African studies ;$vno. 82$5FTaSU
=440  \0$aContributions in Afro-American and African studies,$x0069-9624 ;$vno. 82$5FOFT$5FMFIU$5FTaFA$5FU
=490  0\$aContributions in Afro-American and African studies ;$vno. 82$5FPeU
=490  1\$aContributions in Afro-American and African studies,$x0069-9624 ;$vno. 82$5FSsNC$5FBoU$5FTS
=500  \\$aIncludes index.$5FTaSU$5FSsNC$5FBoU$5FPeU$5FJUNF$5FOFT$5FMFIU$5FTaFA$5FTS$5FU
=504  \\$aBibliography: p. [201]-209.
=650  \0$aAfrican Americans$xResearch$zUnited States$xHistory.
=650  \0$aRacism$zUnited States$xHistory.
=650  \0$aEndowment of research$zUnited States$xHistory.
=650  \0$aEndowments$zUnited States$xHistory.
=650  \0$aSocial sciences$xResearch$zUnited States$xHistory.
=650  \0$aAfrican Americans$xResearch$xHistory.
=651  \0$aUnited States$xRace relations$xResearch$zUnited States$xHistory.
=651  \4$aRacism$zUnited States$xHistory.
=653  \\$aUnited States$aNegroes$aRace relations$aResearch, to 1940
=830  \0$aContributions in Afro-American and African studies ;$vno. 82
=830  \0$aContributions in Afro-American and African studies,$x0069-9624 ;$vno. 82
=951  \\$101$aAMU01:000422499;$5FTaFA
=951  \\$107$aCFU01:000228266;$5FOFT
=951  \\$102$aFAU01:001179405;$5FBoU
=951  \\$104$aFIU01:000396925;$5FMFIU
=951  \\$105$aFSU01:000526555;$5FTaSU
=951  \\$106$aNCU01:000062777;$5FSsNC
=951  \\$109$aNFU01:000220353;$5FJUNF
=951  \\$110$aSFU01:000462084;$5FTS
=951  \\$108$aUFU01:000990984;$5FU
=951  \\$111$aWFU01:000213847;$5FPeU

