=LDR  01743nam a2200361I  4500
=001  021387025
=005  20120623055900.0
=008  780802s1965\\\\nyu\\\\\\\\\\\000|1\eng\d
=035  \\$a(OCoLC)04103782
=040  \\$aOUN$cOUN$dFHM
=090  \\$aPN803$b.E4 no.22
=090  \\$aPQ1463$b.G5 1928
=090  \\$aPC13$b.E5 v.22
=099  \\$a843.1$aG356
=130  0\$aGérard de Nevers (Prose romance)
=245  10$aGérard de Nevers,$bprose version of the Roman de la violette,$cedited by Lawrence F. H. Lowe. Princeton, N. J., Princeton university press; Paris, Les Presses universitaires de France, 1928.
=260  \\$aNew York,$bKraus reprint corporation,$c1965.
=300  \\$axxxiv, 177, [1] p.$c25 cm.
=440  \0$aElliott monographs in the Romance languages and literatures,$v22$5FPeU
=490  0\$aElliott monographs in the Romance languages and literatures, ed. by E. C. Armstrong. 22$5FU
=490  0\$aElliott monographs in the Romance languages and literatures, no. 22$5FTaSU
=490  1\$aElliott monographs in the Romance languages and literatures,$vv.22$5FTS
=500  \\$aAnonymous prose version from ms. no. 9,631 in the Bibliothèque royale de Bruxelles.$5FTS$5FPeU$5FU$5FTaSU
=500  \\$aFacsimile edition.$5FTS$5FPeU$5FU
=600  00$aGerbert de Montreuil,$d13th cent.$tRoman de la violette.
=600  00$aGerbert,$cde Montreuil,$d13th cent.$tRoman de la violette.
=700  1\$aLowe, Lawrence Francis Hawkins,$d1888-
=700  1\$aLowe, Lawrence Francis Hawkins,$d1888-$eed.
=830  \0$aElliott monographs in the Romance languages and literatures,$vv. 22
=951  \\$105$aFSU01:000370719;$5FTaSU
=951  \\$110$aSFU01:000544896;$5FTS
=951  \\$108$aUFU01:001698633;$5FU
=951  \\$111$aWFU01:000263813;$5FPeU

