=LDR  02624nam a2200373I  4500
=001  021398578
=005  20070921100225.0
=008  721013r19641960nyu\\\\\\b\\\\001|0\eng\d
=035  \\$a(OCoLC)00428927
=040  \\$cWAL$dFUG
=090  \\$aHM22.F8$bD88 1964
=092  \\$a308.2$bW855e,1964
=100  1\$aWolff, Kurt H.,$d1912-$eed.
=245  10$aEssays on sociology and philosophy.$cEdited by Kurt H. Wolff, with appraisals of Durkheim's life and thought by Paul Bohannan [and others]
=260  \\$aNew York,$bHarper & Row$c[1964]
=300  \\$axiv, 463 p.$billus.$c21 cm.
=490  0\$aHarper torchbooks. The Academy library,$vTB1151$5FFmFGC$5FPeU$5FSsNC$5FTS
=490  0\$aHarper torchbooks. The Academy library, TB1151$5FU$5FBoU
=500  \\$aOriginally published in 1960 under the title: Emile Durkheim, 1858-1917.$5FPeU
=500  \\$aAt head of title: Emile Durkheim et al.$5FPeU
=500  \\$aTranslations from the works of Emile Durkheim: p. 317-436.$5FFmFGC$5FU$5FPeU$5FBoU$5FSsNC$5FTS
=500  \\$aOriginally published under the title: Emile Durkheim, 1858-1917.$5FFmFGC$5FU$5FBoU$5FSsNC$5FTS
=504  \\$aIncludes bibliography and index.
=505  0\$aDurkheim: the man, his time, and his intellectual background -- Individualism and socialism in Durkheim -- Conscience collective and culture -- The development of Durkheim's concept of ritual and the problem of social disrelationships -- Durkheim's contribution to the theory of integration of social systems -- Durkheim and functionalism -- Durkheim's politics and political theory -- Durkheim's conservatism and its implications for his social logical theory -- The influence of Durkheim and his school on the study of religion -- Some aspects of the legacy of Durkheim -- Durkheim in American sociology -- Durkheim's influence on Japanese sociology -- Reminiscences of the Durkheim school.$5FTS
=505  0\$aTranslations -- Durkheim's letter to Radcliffe-Brown (with a facsimile of the original) -- The dualism of human nature and its social conditions -- Prefaces to L'Annee sociologique, volumes I and II -- Sociology and its scientific field -- Sociology -- Pragmatism and sociology (first, second, third, fourth, fifth, thirteenth, and fourteenth lectures -- An introductory Durkheim bibliography.$5FTS
=600  10$aDurkheim, Emile,$d1858-1917.
=650  \0$aSociology.
=650  \0$aPhilosophy.
=951  \\$102$aFAU01:000073601;$5FBoU
=951  \\$103$aGCU01:000035534;$5FFmFGC
=951  \\$106$aNCU01:000072909;$5FSsNC
=951  \\$110$aSFU01:001149788;$5FTS
=951  \\$108$aUFU01:000039981;$5FU
=951  \\$111$aWFU01:000065622;$5FPeU

