=LDR  06554nam a22008898a 4500
=001  021408723
=005  20060320173400.0
=008  010116s2002\\\\mau\\\\\\b\\\\001\0\eng\\
=010  \\$a2001018473
=020  \\$a0631213198
=020  \\$a0631213198 (acid-free paper)
=035  \\$a(AcBC)A01739383
=035  \\$a(OCoLC)45757831
=040  \\$aDLC$cDLC$dOrLoB-B
=043  \\$an-usu--
=050  00$aF208.2$b.C66 2002
=082  00$a975$221
=245  02$aA companion to the American South /$cedited by John B. Boles.
=260  \\$aOxford, UK ;$aMalden, Mass., USA :$bBlackwell,$cc2002.
=300  \\$axii, 524 p.
=440  \0$aBlackwell companions to American history ;$v3$5FTaSU$5FU
=490  0\$aBlackwell companions to American history ; 3$5FPeU
=490  1\$aBlackwell companions to American history ;$vvol. 3$5FTS$5FMFIU
=490  1\$aBlackwell companions to American history ;$v3$5FJUNF$5FSsNC$5FFmFGC$5FBoU$5FTaFA$5FOFT
=504  \\$aIncludes bibliographical references and index.
=505  0\$aThe first Southerners : Indians of the early south -- Spanish and French exploration and colonization -- The English colonial south to 1750 -- The origins of slavery, 1619-1808 -- Understanding the south in the Revolutionary era, 1750-1789 -- The south in the new nation, 1790-1824 -- The plantation economy -- The maturation of slave society and culture -- Plain folk yeomanry in the antebellum south -- Religion in the pre-Civil War south -- Politics in the antebellum south -- Women in the old south -- Intellectual and cultural history of the old south -- Sectionalism and the secession crisis -- The Civil War : military and political aspects along with social, religious, gender, and slave perspectives -- Emancipation and its consequences -- Political reconstruction, 1865-1877 -- Economic consequences of the Civil War and Reconstruction -- Southern politics in the age of populism and progressivism : a historiographical essay -- The rise of Jim Crow, 1880-1920 -- Women in the post-Civil War south -- The discovery of Appalachia : regional revisionism as scholarly renaissance -- Religion in the American south since the Civil War -- Southern environmental history -- Labor relations in the industrializing south -- The impact of the New Deal and World War II on the south -- The civil rights movement -- The rise of the sunbelt : urbanization and industrialization -- The transformation of southern politics, 1954 to the present.$5FPeU$5FTaSU$5FJUNF$5FSsNC
=599  \\$aFCLA 20130610
=651  \0$aSouthern States$xHistory.
=651  \0$aSouthern States$xHistoriography.
=653  \\$aEstados del Sur$aHistoriografía.
=653  \\$aEstados del Sur$aHistoria.
=700  1\$aBoles, John B.
=830  \0$aBlackwell companions to American history ;$v#3.
=856  42$3Table of contents$uhttp://www.loc.gov/catdir/toc/fy036/2001018473.html$5FTaSU
=970  01$tList of Contributors
=970  01$tPreface
=970  11$l1$tFirst Southerners: Indians of the Early South$cAmy Turner Bushnell$fBushnell, Amy Turner$p3
=970  11$l2$tSpanish and French Exploration and Colonization$cPaul E. Hoffman$fHoffman, Paul E.$p24
=970  11$l3$tEnglish Colonial South to 1750$cCynthia A. Kierner$fKierner, Cynthia A., 1958-$p38
=970  11$l4$tOrigins of Slavery, 1619-1808$cBetty Wood$fWood, Betty.$p54
=970  11$l5$tUnderstanding the South in the Revolutionary Era, 1750-1789$cIra D. Gruber$fGruber, Ira D.$p69
=970  11$l6$tSouth in the New Nation, 1790-1824$cDaniel S. Dupre$fDupre, Daniel S.$p85
=970  11$l7$tPlantation Economy$cMark M. Smith$fSmith, Mark M.$p103
=970  11$l8$tMaturation of Slave Society and Culture$cStephanie J. Shaw$fShaw, Stephanie J.$p118
=970  11$l9$tPlain Folk Yeomanry in the Antebellum South$cSamuel C. Hyde, Jr.$fHyde, Samuel C., 1958-$p139
=970  11$l10$tReligion in the Pre-Civil War South$cRandy J. Sparks$fSparks, Randy J.$p156
=970  11$l11$tPolitics in the Antebellum South$cDaniel W. Crofts$fCrofts, Daniel W.$p176
=970  11$l12$tWomen in the Old South$cSally G. McMillen$fMcMillen, Sally Gregory, 1944-$p191
=970  11$l13$tIntellectual and Cultural History of the Old South$cDavid Moltke-Hansen$fMoltke-Hansen, David.$p212
=970  11$l14$tSectionalism and the Secession Crisis$cMary A. DeCredico$fDeCredico, Mary A.$p235
=970  11$l15$tCivil War: Military and Political Aspects along with Social, Religious, Gender, and Slave Perspectives$cGeorge C. Rable$fRable, George C.$p249
=970  11$l16$tEmancipation and Its Consequences$cLaura F. Edwards$fEdwards, Laura F.$p269
=970  11$l17$tPolitical Reconstruction, 1865-1877$cMichael W. Fitzgerald$fFitzgerald, Michael W.$p284
=970  11$l18$tEconomic Consequences of the Civil War and Reconstruction$cJoseph P. Reidy$fReidy, Joseph P.$p303
=970  11$l19$tSouthern Politics in the Age of Populism and Progressivism: A Historiographical Essay$cSamuel L. Webb$fWebb, Samuel L., 1946-$p321
=970  11$l20$tRise of Jim Crow, 1880-1920$cJames Beeby$fBeeby, James$cDonald G. Nieman$fNieman, Donald G.$p336
=970  11$l21$tWomen in the Post-Civil War South$cElizabeth Hayes Turner$fTurner, Elizabeth Hayes$p348
=970  11$l22$tDiscovery of Appalachia: Regional Revisionism as Scholarly Renaissance$cJohn C. Inscoe$fInscoe, John C., 1951-$p369
=970  11$l23$tReligion in the American South Since the Civil War$cPaul Harvey$fHarvey, Paul$p387
=970  11$l24$tSouthern Environmental History$cMart A. Stewart$fStewart, Mart A.$p409
=970  11$l25$tLabor Relations in the Industrializing South$cDaniel Letwin$fLetwin, Daniel.$p424
=970  11$l26$tImpact of the New Deal and World War II on the South$cPamela Tyler$fTyler, Pamela$p444
=970  11$l27$tCivil Rights Movement$cCharles W. Eagles$fEagles, Charles W.$p461
=970  11$l28$tRise of the Sunbelt: Urbanization and Industrialization$cDavid R. Goldfield$fGoldfield, David R., 1944-$p474
=970  11$l29$tTransformation of Southern Politics, 1954 to the Present$cWayne Flynt$fFlynt, Wayne$p494
=970  01$tIndex$p506
=951  \\$101$aAMU01:000461927;$5FTaFA
=951  \\$107$aCFU01:000942181;$5FOFT
=951  \\$102$aFAU01:000834814;$5FBoU
=951  \\$104$aFIU01:000988558;$5FMFIU
=951  \\$105$aFSU01:002087590;$5FTaSU
=951  \\$103$aGCU01:000214716;$5FFmFGC
=951  \\$106$aNCU01:000174540;$5FSsNC
=951  \\$109$aNFU01:000579463;$5FJUNF
=951  \\$110$aSFU01:001328940;$5FTS
=951  \\$108$aUFU01:002760705;$5FU
=951  \\$111$aWFU01:000555198;$5FPeU

