=LDR  01291nam a2200373I  4500
=001  021421515
=005  20120623082800.0
=008  721026s1970\\\\nyuabc\\\\\\\\001|0\eng\u
=035  \\$a(OCoLC)00477805
=040  \\$aHEI$cHEI$dFGA
=043  \\$ae-fr---
=050  \4$aDC128$b.C3 1970
=082  04$a914.40333$bC311l
=090  \\$aDC128$b.C3 1970
=092  \\$a914.40333$bC311l
=100  1\$aCarr, John Laurence.
=245  10$aLife in France under Louis XIV.
=246  3\$aLife in France under Louis fourteenth
=246  3\$aLife in France under Louis 14th
=260  \\$aNew York,$bCapricorn Books$c[1970, c1966]
=300  \\$axiv, 176 p.$billus., map, ports.$c20 cm.
=440  \0$aEuropean life series$5FOFT$5FU
=490  0\$aCapricorn giant,$v321$5FFmFGC$5FBoU
=490  0\$aEuropean life series$5FFmFGC$5FBoU
=500  \\$a"Capricorn giant, 321."$5FOFT$5FU
=504  \\$aIncludes bibliographical references and index.
=651  \0$aFrance$xCivilization$y18th century.
=651  \0$aFrance$xCivilization$y17th century.
=651  \0$aFrance$xSocial life and customs.
=651  \0$aFrance$xHistory$yLouis XIV, 1643-1715.
=951  \\$107$aCFU01:000281983;$5FOFT
=951  \\$102$aFAU01:000970091;$5FBoU
=951  \\$103$aGCU01:000036259;$5FFmFGC
=951  \\$108$aUFU01:002971243;$5FU

