=LDR  01162nam a22003251  4500
=001  021432045
=005  20080304075118.0
=008  780117s1970\\\\sp\\\\\\\\\\\\000|0\spa\\
=010  \\$a   74203794 
=019  \\$a3246973$a3688943$a6933355
=035  \\$a(OCoLC)00691609
=040  \\$aDLC$cCMC$dDLC$dm.c.$dFHM
=050  0\$aPQ6603.U4$bT7 1970
=090  \\$aPQ6603.U4$bT7
=092  0\$a862.6$bB928tra
=100  1\$aBuero Vallejo, Antonio,$d1916-2000.
=245  13$aEl tragaluz.$bEl sueño de la razón /$cAntonio Buero Vallejo.
=260  \\$aMadrid,$bEspasa-Calpe,$c[1970]
=300  \\$a213 p.$c18 cm.
=490  0\$aColección austral, no. 1496.$5FTS
=490  0\$aColección Austral, 1496$5FMFIU
=490  0\$aColección austral,$vno. 1496.$5FU
=500  \\$aTwo plays.$5FTS$5FU
=700  1\$aBuero Vallejo, Antonio,$d1916-2000.$tSueño de la razón.
=700  12$aBuero Vallejo, Antonio,$d1916-2000.$tSueño de la razón. 1970.
=700  12$aBuero Vallejo, Antonio,$d1916-$tSueño de la razón.$f1970.
=740  31$aEl sueño de la razón.
=951  \\$104$aFIU01:000088337;$5FMFIU
=951  \\$110$aSFU01:000546227;$5FTS
=951  \\$108$aUFU01:000845865;$5FU

