=LDR  03801nam a22005771a 4500
=001  021439860
=005  20110212112408.0
=006  m\\\\\\\\d\f\\\\\\
=007  cr\bn\mmmapmmp
=008  091026s1997\\\\dcuab\\\s\\\\f000\0\eng\d
=035  \\$a(CIS)cis2007476038
=040  \\$aLexisNexis$cLexisNexis
=043  \\$an-us---
=074  \\$a1037-B
=074  \\$a1037-C (MF)
=086  0\$aY 4.G 74/9:S.HRG.103-975
=086  0\$aY 4.AR 5/3:S.HRG.104-855
=099  \\$aHRG-1994-SGA-0025
=099  \\$aHRG-1996-SAS-0004
=110  1\$aUnited States.$bCongress.$bSenate.$bCommittee on Governmental Affairs.
=245  10$aHigh risks and emerging fraud$h[electronic resource] :$bIRS, student loans, and HUD : hearing before the Committee on Governmental Affairs, United States Senate, One Hundred Third Congress, second session, July 19, 1994.
=246  3\$aUS participation in Bosnia
=260  \\$aWashington :$bU.S. G.P.O. :$bFor sale by the Supt. of Docs., Congressional Sales Office, U.S. G.P.O.,$c1995.
=300  \\$aiv, 115 p. ;$c24 cm.
=490  1\$aS. hrg. ;$v104-855$5FTaSU
=490  1\$aS. hrg. ;$v103-975$5FU
=500  \\$aHRG-1994-SGA-0025$5FU
=500  \\$aRecord is based on bibliographic data in LexisNexis Congressional Hearings Digital Collection. Reuse except for individual research requires license from LexisNexis Academic & Library Solutions.$5FU$5FTaSU
=504  \\$aIncludes bibliographical references.
=533  \\$aElectronic reproduction.$b[Bethesda, Md.] :$cLexisNexis Academic & Library Solutions,$d2004.$edigital, PDF file.$nLexisNexis U.S. Congressional Hearings Digital Collection.$nMode of access: World Wide Web via LexisNexis website.$5FU$5FTaSU
=538  \\$aSystem requirements: PDF reader software.$5FU$5FTaSU
=610  10$aUnited States.$bInternal Revenue Service$xManagement.
=610  10$aUnited States.$bDept. of Housing and Urban Development$xManagement.
=650  \0$aTax evasion$zUnited States.
=650  \0$aStudent financial aid administration$zUnited States.
=650  \0$aHousing$xFinance$xCorrupt practices$zUnited States.
=650  \0$aFraud$zUnited States.
=651  \0$aUnited States$xArmed Forces$zBosnia and Hercegovina.
=651  \0$aBosnia and Hercegovina$xMilitary relations$zUnited States.
=651  \0$aUnited States$xMilitary relations$zBosnia and Hercegovina.
=730  0\$aLexisNexis U.S. Congressional Hearings Digital Collection.
=776  08$iPrint version:$aUnited States. Congress. Senate. Committee on Armed Services.$tU.S. participation in Bosnia$wgp 97064817$w(OCoLC)37246913
=776  08$iMicrofiche version:$aUnited States. Congress. Senate. Committee on Armed Services.$tU.S. participation in Bosnia.$d[Bethesda, Md.] : LexisNexis Academic & Library Solutions,[2004]$oCIS 97 S201-14$w(LexisNexis)cis09701403
=776  08$iMicrofiche version:$aUnited States. Congress. Senate. Committee on Governmental Affairs.$tHigh risks and emerging fraud.$d[Bethesda, Md.] : LexisNexis Academic & Library Solutions,[2004]$oCIS 95 S401-30$w(LexisNexis)cis09502128
=776  08$iPrint version:$aUnited States. Congress. Senate. Committee on Governmental Affairs.$tHigh risks and emerging fraud$w(OCoLC)32170689$w(DGPO)95068230
=810  1\$aUnited States.$bCongress.$bSenate.$tS. hrg ;$v104-855.
=810  1\$aUnited States.$bCongress.$bSenate.$tS. hrg. ;$v103-975.
=856  40$yConnect to FSU E-BOOK$uhttps://login.proxy.lib.fsu.edu/login?url=http://congressional.proquest.com/congcomp/getdoc?HEARING-ID=HRG-1996-SAS-0004$5FTaSU
=856  40$uhttp://congressional.proquest.com/congcomp/getdoc?HEARING-ID=HRG-1994-SGA-0025$yClick here for full text$zLicensed for access by UF students, faculty, staff and other registered users.$5FU
=951  \\$105$aFSU01:002678109;$5FTaSU
=951  \\$108$aUFU01:005047020;$5FU

