=LDR  02510cas a2200541 a 4500
=001  021444135
=005  20130606123558.0
=008  881201c19899999caufr\p\\\\\\f0\\\a0eng\c
=010  \\$asf 93096906$zsn 88003371
=016  7\$a920511-1$2DE-600
=016  7\$a010462366$2Uk
=022  0\$a1041-679X$l1041-679X$y1041-6791$21
=030  \\$aALLEEE
=035  \\$a(OCoLC)18824112
=037  \\$bApplied Language Learning, DLIFLC, Presidio of Monterey, CA 93944-5006
=040  \\$aNSD$beng$cNSD$dHUL$dCAS$dMYG$dCLU$dDLC$dIUL$dEYM$dGUA$dGPO$dSYS$dNSD$dOCL$dORZ$dGPO$dDLC$dNSD$dOCLCQ$dHEBIS$dDEBBG$dGPO$dUKMGB$dDLC$dFTU
=042  \\$ansdp$apcc
=043  \\$an-us---
=049  \\$aFTUU
=050  00$aWMLC 93/3113
=050  14$aP129$b.A663
=074  \\$a0306-F-02
=082  10$a407$211
=086  0\$aD 1.105:$zD 1.105:7/1-2
=210  0\$aAppl. lang. learn.
=222  \0$aApplied language learning
=245  00$aApplied language learning.
=260  \\$aPresidio of Monterey, CA :$bDefense Language Institute, Foreign Language Center,$c1989-
=300  \\$av. :$bill. ;$c23 cm.
=310  \\$aSemiannual
=362  0\$aVol. 1, no. 1 (spring 1989)-
=490  1\$a1989-1993, <1997->: PB
=490  1\$a1994-199 : Professional bulletin / United States Army
=599  8\$a021444135
=500  \\$aNo longer distributed to depository libraries in tangible format, <v. 13, no. 1 (2003)->
=515  \\$aVol. 1 complete in one issue; some issues combined.
=515  \\$aNo issues published in 1990.
=530  \\$aVols. for 1989-1994 distributed to depository libraries in microfiche.
=530  \\$aSome issues also available via Internet from the DLIFLC web site. Address as of 8/04/04: http://www.dliflc.edu/Academics/amaterials/all/allissues.htm; current access is available via PURL.
=588  \\$aLatest issue consulted: Vol. 19, no. 1-2 (2009).
=650  \0$aApplied linguistics$vPeriodicals.
=650  \0$aLanguages, Modern$xStudy and teaching$vPeriodicals.
=650  \0$aLanguages, Modern$xStudy and teaching$zUnited States$vPeriodicals.
=710  2\$aDefense Language Institute (U.S.).$bForeign Language Center.
=776  0\$cMicrofiche$dSupt. of Docs., U.S. G.P.O.$w(DLC)sn 95027797$w(OCoLC)33351511
=776  08$iAlso issued online:$tApplied language learning (Online)$x2164-0912$w(DLC) 2004231912$w(OCoLC)37977747
=830  \0$aPB (United States. Army)
=856  41$uhttp://purl.access.gpo.gov/GPO/LPS14626$zScroll down to "Academic Journals: Applied Language Learning" and click on "+" sign

