=LDR  01080nam a2200277I  4500
=001  021450441
=005  20150506032500.0
=008  721026s1963\\\\ilusg\\\\\\\\\\n\|||eng\u
=010  \\$a63000982  
=035  \\$a(OCoLC)00478079
=040  \\$cWSU$dFUG
=090  \\$aM1994.W87$bV6 1963 Teacher
=090  \\$aM1994.W87$bV6 Ft, Teacher
=100  1\$aWolfe, Irving.
=245  10$aVoices of the world$c[by] Irving Wolfe, Beatrice Perham Krone [and] Margaret Fullerton. Editor: Max T. Krone. Artist and consultants: Val Samuelson, artist; Johana harris, piano accompaniments; John E. Brewton, poetry.
=250  \\$a[Teacher's ed.]
=260  \\$aChicago,$bFollett$c[c1963]
=300  \\$a1 v. (various pagings)$bcol. illus.$c24 cm.
=490  0\$aTogether-we-sing series$5FU
=490  0\$aTogether-we-sing music series$5FTaSU
=650  \0$aSchool songbooks.
=700  1\$aKrone, Beatrice Perham,$d1901-2000.$ejoint author.
=700  1\$aFrost, Margaret Fullerton$ejoint author.
=830  \0$aTogether-we-sing series
=951  \\$105$aFSU01:000802665;$5FTaSU
=951  \\$108$aUFU01:000041388;$5FU

