=LDR  00976cam a2200265Ia 4500
=001  021460694
=005  20120622233800.0
=008  900426s1988\\\\sp\b\\\\\b\\\\000|0\spa\\
=010  \\$a   90148877 
=020  \\$a843622423X
=035  \\$a(OCoLC)21519621
=040  \\$aDLC$cDLC$dUIU$dFUG
=092  \\$a467.81$bC261a
=100  1\$aCasado Fresnillo, Celia.
=245  10$aAlmería y sus relaciones lingüísticas con el oriente peninsular y con Andalucía /$cCelia Casado Fresnillo.
=260  \\$aMadrid :$bUniversidad Nacional de Educación a Distancia,$c1988.
=300  \\$a512 p. :$bmaps ;$c21 cm.
=490  0\$aAula abierta ;$v40$5FTaSU
=490  1\$aAula abierta ;$vAA40$5FU
=504  \\$aIncludes bibliographical references (p. [493]-505).
=650  \0$aSpanish language$zSpain$zAlmería.
=650  \0$aSpanish language$xDialects$zSpain$zAlmerlía.
=830  \0$aAula abierta (Madrid, Spain) ;$vAA40.
=951  \\$105$aFSU01:001067874;$5FTaSU
=951  \\$108$aUFU01:001529135;$5FU

