=LDR  02667nam a22005418a 4500
=001  021470117
=005  20120623062800.0
=008  890710s1990\\\\enk\\\\\\b\\\\101|0\eng\\
=010  \\$a   89016837 
=015  \\$aGB93-15719
=019  \\$a27895433
=020  \\$a1853333018
=020  \\$a1853333018 :$c£50.00
=020  \\$a1853334146 (series)
=035  \\$a(OCoLC)20088166
=040  \\$aDLC$cDLC
=050  0\$aLAW
=082  00$a346.01/5/0917671$a342.6150917671$220
=090  \\$aKBP540$b.I85 1990
=090  \\$aBP134.F25$bI81 1990
=090  \\$aKBL1$b.I85 1990
=099  \\$aKBL$aI83$a1990
=245  00$aIslamic family law /$cedited by Chibli Mallat & Jane Connors ; with a foreword by Antony Allott.
=260  \\$aLondon ;$aBoston :$bGraham & Trotman,$cc1990.
=300  \\$axiv, 395 p. ;$c24 cm.
=440  \0$aArab and Islamic laws series$5FTaSU$5FTaFA$5FPeU$5FTS
=490  0\$aArab and Islamic laws series$5FBoU
=490  1\$aArab and Islamic law series$5FU
=500  \\$a"Proceedings of a conference covened by the Centre of Middle Eastern Studies and the Department of Law of the School of Oriental and African Studies, University of London, in May 1989"--T.p. verso.$5FU
=500  \\$a"Proceedings of a conference covened by the Centre of Islamic and Middle East[sic] Law, the Centre of Near and Middle Eastern Studies and the Law Department of the School of Oriental and African Studies, University of London, in May 1989"--T.p. verso.$5FTaSU
=500  \\$a"Proceedings of a conference covened by the Centre of Islamic and Middle East Law, the Centre of Near and Middle Eastern Studies and the Law Department of the School of Oriental and African Studies, University of London, in May 1989"--T.p. verso.$5FTaFA$5FPeU$5FTS$5FBoU
=504  \\$aIncludes bibliographical references and index.
=650  \0$aDomestic relations (Islamic law)$vCongresses.
=650  \7$aFamille$xDroit$zPays islamiques$xCongrès.$2ram
=653  0\$aIslam$aFamilies$aLaw
=700  1\$aConnors, Jane Frances.
=700  1\$aMallat, Chibli.
=710  2\$aUniversity of London.$bCentre of Islamic and Middle Eastern Law.
=710  2\$aUniversity of London.$bSchool of Oriental and African Studies.$bDept. of Law.
=710  2\$aUniversity of London.$bCentre of Near and Middle Eastern Studies.
=710  2\$aUniversity of London.$bCentre of Middle Eastern Studies.
=830  \0$aArab and Islamic laws series.
=951  \\$101$aAMU01:000568689;$5FTaFA
=951  \\$102$aFAU01:000417761;$5FBoU
=951  \\$105$aFSU01:001034117;$5FTaSU
=951  \\$110$aSFU01:000816201;$5FTS
=951  \\$108$aUFU01:001593931;$5FU
=951  \\$111$aWFU01:000338888;$5FPeU

