=LDR  01629cam a2200361La 4500
=001  021480613
=005  20090611122955.0
=008  850603m19759999ii\\\\\\\b\\\\000\0\san\d
=010  \\$a77906653
=020  \\$cRs25.00 (v. 1)
=035  \\$a(OCoLC)13265475
=040  \\$aMNU$cMNU$dOCL$dOCLCG$dRBN$dFDA
=041  0\$asanben
=050  \0$aPK2916$b.M2713 1975
=100  0\$aMahimabhaṭṭa,$d11th cent.
=240  10$aVyaktiviveka.$lBengali & Sanskrit
=245  10$aVyaktivivekaḥ /$cRājānaka-Śrīmahimabhaṭṭaviracito ; vaṅgabhāṣayānūdya vivṛtyā samalaṅkṛtya ṭippaṇyādibhiśca parisaṃskṛtya Śrīviṣṇupada Bhaṭṭācāryyeṇa sampāditaḥ.
=260  \\$aKalikātānagaryyāṃ :$bSanskrit College,$c1975-
=300  \\$av. ;$c25 cm.
=490  1\$aKalikātāsaṃskṛtamahāvidyālaya-gaveṣaṇāgranthamālā ;$vgranthāṅkaḥ 91 =$aCalcutta Sanskrit College research series ;$vno. 91$5FTaSU
=490  1\$aTexts / Calcutta Sanskrit College ;$vno. 28$5FTaSU
=500  \\$aCommentary and introd. in Bengali.$5FTaSU
=500  \\$aAdded t.p. in English.$5FTaSU
=504  \\$aIncludes bibliographical references.
=505  0\$a1. Dhvanilakṣaṇākṣepākhye prathama-vimarśe.$5FTaSU
=590  \\$aAsian Religions Collection.$5FTaSU
=600  00$aĀnandavardhana,$d9th cent.$tDhvanyālokah.
=650  \0$aSanskrit poetry$xHistory and criticism.
=650  \0$aPoetics.
=700  1\$aBhattacharya, Bishnupada.
=830  \0$aCalcutta Sanskrit College research series ;$vno. 91, etc.
=830  \0$aTexts (Calcutta Sanskrit College) ;$vno. 28, etc.
=951  \\$105$aFSU01:002545346;$5FTaSU

