=LDR  01326nam a2200361   4500
=001  021488328
=005  20120622234900.0
=008  721218r19721932njua\\\\\b\\\\001|0\eng\\
=010  \\$a   68055509 
=020  \\$a0678009058
=035  \9$a(OCoLC)00499821
=040  \\$aDLC$cDLC$dFCM
=043  \\$an-us---
=050  0\$aHF3025$b.C6 1972
=082  0\$a382/.0973
=090  \\$aHF3025$b.C6 1972
=100  1\$aClauder, Anna Cornelia,$d1874-
=245  10$aAmerican commerce as affected by the wars of the French Revolution and Napoleon, 1793-1812,$cby Anna C. Clauder.
=250  \\$a[1st ed.]
=260  \\$aClifton [N.J.]$bA. M. Kelley,$c1972.
=300  \\$a264 p.$billus.$c23 cm.
=490  0\$aLibrary of early American business & industry, 42$5FTaFA
=490  1\$aLibrary of early American business and industry,$v42$5FTS
=500  \\$aReprint of the 1932 ed.$5FTaFA$5FTS
=502  \\$aThesis--University of Pennsylvania, 1930.
=504  \\$aBibliography: p. 245-258.
=651  \0$aUnited States$xCongresses.
=651  \0$aUnited States$xForeign relations
=651  \0$aUnited States$xHistory$yConstitutional period, 1789-1809
=651  \0$aUnited States$xHistory$y1809-1817
=830  \0$aLibrary of early American business & industry,$v42.
=951  \\$101$aAMU01:000053511;$5FTaFA
=951  \\$110$aSFU01:000118915;$5FTS

