=LDR  03119cgm a2200793Ia 4500
=001  021498256
=005  20101203102406.0
=007  vd\bvaizu
=008  990729t19981964xx\091\\\\\\\\\\\\vleng\d
=020  \\$a9780780021082
=020  \\$a0780021088
=028  40$aNAK020$bClassic Collection
=035  \\$a(OCoLC)41976757
=040  \\$aNPC$cNPC$dOCL$dTXH$dOCLCQ$dWCM$dOCL$dOCLCA
=050  \4$aPN1997$b.N34 1998
=082  \4$a791.437
=090  \\$aPN1997$b.N325 1998
=245  04$aThe naked kiss$h[videorecording] /$cF & F Productions.
=250  \\$aWidescreen version.
=260  \\$a[S.l.] :$bClassic Collection,$c1998, c1964.
=300  \\$a1 videodisc (91 min.) :$bsd., b&w ;$c4 3/4 in.
=490  1\$aCriterion collection ;$v18$5FU$5FTS$5FBoU$5FOFT
=490  1\$aClassic collection$5FOFT
=500  \\$aOriginally produced as motion picture in 1964.$5FBoU
=500  \\$a"Janus Films."$5FOFT
=500  \\$aVideodisc release of the 1964 motion picture.$5FU$5FTS$5FOFT
=500  \\$aTitle from disc surface.$5FTS$5FOFT
=500  \\$a"The Classic Collection, a joint venture between Janus Films and Home Vision Cinema"--Container.$5FU$5FTS$5FBoU$5FOFT
=500  \\$aCataloged from container.$5FU
=500  \\$aSpecial feature: theatrical trailer.$5FBoU
=500  \\$aTitle from from container and disc surface.$5FU
=508  \\$aWriter-producer-director, Samuel Fuller ; film editor, Jerome Thoms ; director of photography, Stanley Cortez ; music, Paul Dunlap.
=511  1\$aConstance Towers, Anthony Eisley, Michael Dante, Virginia Grey, Patsy Kelly.
=520  \\$aA former prostitute, hoping to fit into mainstream society, moves to an all-American suburb, but her past comes back to haunt her.
=538  \\$aDVD format.$5FU
=538  \\$aDolby digital.$5FU
=538  \\$aDVD.$5FTS$5FBoU$5FOFT
=546  \\$aClosed-captioned.
=650  \0$aEx-prostitutes$vDrama.
=650  \0$aEx-prostitutes$zUnited States$vDrama.
=650  \0$aDetective and mystery films.
=650  \0$aFeature films.
=650  \0$aVideo recordings for the hearing impaired.
=650  \0$aFilm noir.
=655  \7$aFeature films.$2lcsh
=655  \7$aDetective and mystery films.$2lcsh
=690  \4$aFilmdate$y1964.$5FU
=690  \4$aFilmcountry$zUnited States.$5FU
=700  1\$aDunlap, Paul,$d1919-$4cmp
=700  1\$aFuller, Samuel,$d1912-1997.$4drt
=700  1\$aTowers, Constance.
=700  1\$aKelly, Patsy,$d1910-1981.
=700  1\$aGrey, Virginia,$d1917-2004.
=700  1\$aDante, Michael.
=700  1\$aEisley, Anthony.
=700  1\$aDante, Michael,$d1931-
=700  1\$aDunlap, Paul,$d1919-2010.$4cmp
=700  1\$aFuller, Samuel,$d1912-1997.
=700  1\$aGrey, Virginia,$d1917-
=700  1\$aFuller, Samuel,$d1912-
=710  2\$aF & F Productions.
=710  2\$aJanus Films.
=710  2\$aHome Vision (Firm)
=710  2\$aClassic Collection (Firm)
=830  \0$aCriterion collection (DVD videodiscs) ;$v18.
=951  \\$107$aCFU01:001380299;$5FOFT
=951  \\$102$aFAU01:000749538;$5FBoU
=951  \\$110$aSFU01:001702279;$5FTS
=951  \\$108$aUFU01:003046774;$5FU

