=LDR  01861cam a2200445   4500
=001  021508132
=005  20130513114602.0
=008  721027s1972\\\\flu\\\\\\b\\\s100|0\engm\
=010  \\$a   72195765 
=035  \\$a(OCoLC)00508912
=040  \\$aDLC$cDLC$dm.c.$dOCL$dFTU
=043  \\$an-usu--
=050  0\$aF296$b.G87 1971
=050  0\$aF296.A1$bG8 1971
=050  0\$aF372$b.G8 3d, 1971
=050  0\$aF296$b.G87
=082  0\$a917.6/03/3
=092  \\$a975.99$bG971p 3d 1971
=099  \\$aSS.K9:$aS 33/972
=111  2\$aGulf Coast History and Humanities Conference$n(3rd :$d1971 :$cPensacola, Fla.)
=245  14$aThe Americanization of the Gulf Coast, 1803-1850.$cLucius F. Ellsworth, editor. Ted Carageorge, William Coker, Earle Newton, assistant editor.
=260  \\$aPensacola,$bHistoric Pensacola Preservation Board,$c1972.
=300  \\$a155 p.$c23 cm.
=490  1\$aProceedings of the Gulf Coast History and Humanities Conference, v. 3$5FTaFA$5FOFT$5FPeU$5FJUNF$5FMFIU$5FTaSU$5FTS$5FU
=490  1\$aProceedings of the Gulf Coast History and Humanities Conference,$vv. 3$5FFmFGC
=504  \\$aIncludes bibliographical references.
=651  \0$aGulf States$xHistory$xCongresses.
=700  1\$aEllsworth, Lucius F.,$eed.
=700  1\$aEllsworth, Lucius F.
=811  2\$aGulf Coast History and Humanities Conference.$tProceedings of the Gulf Coast History and Humanities Conference,$vv. 3.
=811  2\$aGulf Coast History and Humanities Conference.$tProceedings,$vv. 3.
=951  \\$101$aAMU01:000054161;$5FTaFA
=951  \\$107$aCFU01:000061302;$5FOFT
=951  \\$104$aFIU01:000073974;$5FMFIU
=951  \\$105$aFSU01:000109230;$5FTaSU
=951  \\$103$aGCU01:000179663;$5FFmFGC
=951  \\$109$aNFU01:000070174;$5FJUNF
=951  \\$110$aSFU01:000387803;$5FTS
=951  \\$108$aUFU01:000832201;$5FU
=951  \\$111$aWFU01:000075170;$5FPeU

