=LDR  03609nas a22007331a 4500
=001  021518961
=005  20111201092812.0
=007  he\bmb020baca
=008  911021c19uu9999dcugr\\\b\\\\f0\\\\0eng\d
=010  \\$asn 89023005 
=035  \\$aocl19735766
=035  \\$agp 89013668
=035  \\$a(OCoLC)19735766
=040  \\$aGPO$cGPO$dCongressional Information Service
=042  \\$alcd
=043  \\$an-us---
=050  \\$aKF49
=074  \\$a1008-C, 1008-D (MF)
=074  \\$a1008-C, 1008-D (microfiche)
=074  \\$a1008-C
=086  0\$aY 1.1/8:
=086  0\$aY 1.1/8:100-1116
=099  \\$aMicrofiche
=099  \\$aCIS Microfiche: see note in record
=099  \\$aCIS 90 H142-8
=110  1\$aUnited States.$bCongress.$bHouse.$bSelect Committee on Aging.
=240  10$aActivities of the Aging Committee in the ... Congress (House report)
=245  10$aActivities of the Aging Committee in the ... Congress$hmicroform :$ba report presented by the chairman of the Select Committee on Aging, House of Representatives.
=260  \\$aWashington :$bU.S. G.P.O.,
=300  \\$av. ;$c24 cm.
=310  \\$aBiennial
=490  1\$a<100th->: House report$5FBoU
=490  1\$aHouse report / 100th Congress, 2d session ;$v100-1116$5FTS$5FU
=490  1\$aHouse report / 101st Congress, 2d session ;$v101-997$5FOFT
=490  1\$aHouse report$5FMFIU$5FTaFA
=500  \\$aMonthly Catalog Number: gp 89013668$5FTS
=500  \\$a100th.$5FTS$5FU
=500  \\$aMonthly Catalog Number: gp 9013668$5FOFT
=500  \\$aShipping list no.: 89-42-P.$5FOFT$5FTS$5FU
=500  \\$aShipping list no.: 91-100-P.$5FOFT
=500  \\$a101st.$5FOFT
=500  \\$aCIS Microfiche Accession Numbers: CIS 90 H142-8, CIS 88 H143-1, CIS 86 H142-6, CIS 85 H142-6$5FMFIU
=500  \\$aReuse of record except for individual research requires license from Congressional Information Service, Inc.$5FMFIU
=500  \\$aReuse of record except for individual research requires license from LexisNexis Academic & Library Solutions.$5FTaFA
=500  \\$aCIS Microfiche Accession Numbers: CIS 93 H142-8, CIS 91 H142-9, CIS 92 H142-12, CIS 90 H142-8, CIS 88 H143-1, CIS 86 H142-6, CIS 85 H142-6$5FTaFA
=500  \\$aDescription based on: 100th.$5FOFT$5FMFIU$5FTaFA$5FTS$5FBoU$5FU
=533  \\$aMicrofiche.$b[Bethesda, Md.] :$cLexisNexis Academic & Library Solutions,$d1985-.$e11 X 15 cm.$5FTaFA
=533  \\$aMicrofiche.$b[Bethesda, Md.] :$cCongressional Information Service,$d1985-.$e11 X 15 cm.$5FMFIU
=610  10$aUnited States.$bCongress.$bHouse.$bSelect Committee on Aging$xPeriodicals.
=650  \0$aAged$xServices for$zUnited States$xPeriodicals.
=650  \0$aAged$zUnited States$xPeriodicals.
=650  \0$aOlder people$xServices for$zUnited States$xPeriodicals.
=650  \0$aOlder people$zUnited States$xPeriodicals.
=775  1\$aUnited States.  Congress.  House.  Select Committee on Aging.$sActivities of the Aging Committee in the ... Congress (Committee print)$w(DLC)sn 90020242$w(OCoLC)21884950
=775  1\$aUnited States. Congress. House. Select Committee on Aging.$tActivities of the Aging Committee in the ... Congress (Committee print)
=810  1\$aUnited States.$bCongress.$bHouse.$tReport ;$v100-1116.
=810  1\$aUnited States.$bCongress.$bHouse.$tReport ;$v101-997.
=810  1\$aUnited States.$bCongress.$bHouse.$tReport
=951  \\$101$aAMU01:000647781;$5FTaFA
=951  \\$107$aCFU01:000529224;$5FOFT
=951  \\$102$aFAU01:000375821;$5FBoU
=951  \\$104$aFIU01:000557301;$5FMFIU
=951  \\$110$aSFU01:000783174;$5FTS
=951  \\$108$aUFU01:001354778;$5FU

