=LDR  01515nam a2200373Ia 4500
=001  021528838
=005  20111110081448.0
=006  m\\\\\\\\d\f\\\\\\
=007  cr\cn|||||||||
=008  100114s2006\\\\mdua\\\\s\\\\f000\0\spa\d
=035  \\$a(OCoLC)498351894
=040  \\$aGPO$cGPO$dMvI
=074  \\$0467-A-34 (online)
=086  0\$aHE 20.3965/3:M 56/SPAN.
=245  03$aLa respuesta del cerebro a la metanfetamina$h[electronic resource].
=246  1\$iAt head of title:$aExplorando la mente
=260  \\$aRockville, MD :$bNational Institutes of Health, National Institute on Drug Abuse,$c2006.
=300  \\$a1 online resource ([2] p.) :$bcol. ill.
=490  1\$aMind over matter$5FMFIU$5FTaSU$5FPeU$5FU$5FOFT$5FTaFA
=490  1\$aPublicación NIH ;$vno. 06-4394 (S)$5FTaSU
=490  1\$aPublicación NIH ;$vno. 06-4394 (S)$5FMFIU$5FPeU$5FU$5FOFT$5FTaFA
=500  \\$aTitle from PDF title screen (viewed on Jan. 14, 2010).$5FMFIU$5FTaSU$5FPeU$5FU$5FOFT$5FTaFA
=650  \0$aMethamphetamine abuse.
=650  \0$aBrain$xEffect of drugs on.
=710  2\$aNational Institute on Drug Abuse.
=830  \0$aNIH publication ;$vno. 06-4394 (S)
=830  \0$aMind over matter.
=856  40$uhttp://purl.access.gpo.gov/GPO/LPS118557$5FMFIU$5FTaSU$5FPeU$5FU$5FOFT$5FTaFA
=951  \\$101$aAMU01:001379970;$5FTaFA
=951  \\$107$aCFU01:001878268;$5FOFT
=951  \\$104$aFIU01:001561263;$5FMFIU
=951  \\$105$aFSU01:002684426;$5FTaSU
=951  \\$108$aUFU01:004819815;$5FU
=951  \\$111$aWFU01:000783571;$5FPeU

