=LDR  01345cam a2200373I  4500
=001  021540154
=005  20100505132249.0
=008  721219s1952\\\\nyua\\\\\\\\\\000|0\eng\\
=010  \\$a   52012430 
=035  \9$a(OCoLC)00520401
=040  \\$cOUN$dKKP$dm.c.$dFTU
=050  0\$aQP26.B5$bO39
=082  0\$a926.1
=090  \\$aQP26.B5$bO39
=092  \\$a610.92$bB518 O2
=096  \\$aWZ 100 B451o 1952
=100  1\$aOlmsted, J. M. D.$q(James Montrose Duncan),$d1886-1956.
=245  10$aClaude Bernard & the experimental method in medicine,$cby J. M. D. Olmsted & E. Harris Olmsted.
=260  \\$aNew York,$bH. Schuman$c[1952]
=300  \\$a277 p.$billus.$c22 cm.
=440  \0$aLife of science library,$vno. 23$5FTS
=490  0\$aLife of science library, no. 23$5FTaFA$5FOFT$5FPeU
=490  0\$aLife of science library,$vno. 23$5FTaSU$5FU
=600  10$aBernard, Claude,$d1813-1878.
=650  \2$aPhysicians$xBiography
=700  1\$aOlmsted, Evangeline Harris,$ejoint author.
=740  0\$aClaude Bernard and the experimental method in medicine.
=830  \0$aLife of science library ;$vno. 23.
=951  \\$101$aAMU01:000055179;$5FTaFA
=951  \\$107$aCFU01:000062258;$5FOFT
=951  \\$105$aFSU01:000754442;$5FTaSU
=951  \\$110$aSFU01:000123036;$5FTS
=951  \\$108$aUFU01:000867851;$5FU
=951  \\$111$aWFU01:000076473;$5FPeU

