=LDR  01546nam a2200445I  4500
=001  021551177
=005  20090630143235.0
=008  721226s1960\\\\dcua\\\\\b\\\\000|0\eng\\
=010  \\$a   60007488 
=035  \\$a(OCoLC)00523815
=035  \\$aAAF5940$bAM
=040  \\$cWSU$dFCM
=050  0\$aQA1$b.N3 1960 25th
=050  ?\$aQA1$b.N3 25th
=090  \\$aQA1$b.N3 25th
=090  \\$aQA1$b.N3 v.25
=092  \\$a375.51$bN277y 25th
=110  1\$aNational Council of Teachers of Mathematics.
=245  10$aInstruction in arithmetic.
=260  \\$aWashington,$c1960.
=300  \\$a366 p.
=410  20$aNational Council of Teachers of Mathematics.$tYearbook$v25th$5FTaFA
=440  \0$aNational Council of Teachers of Mathematics, Yearbook ;$v25th.$5FOFT
=490  0\$aIts Yearbook 25$5FBoU
=490  0\$aNational Council of Teachers of Mathematics. Yearbook, 25th$5FTaSU
=490  1\$aYearbook$v25$5FJUNF
=490  1\$aIts Yearbook,$v25$5FMFIU$5FU$5FTS
=490  1\$aYearbook$v25th$5FPeU
=504  \\$aIncludes bibliographies and index.
=650  \0$aArithmetic$xStudy and teaching.
=830  \0$aYearbook (National Council of Teachers of Mathematics) ;$v25th.
=951  \\$101$aAMU01:000055527;$5FTaFA
=951  \\$107$aCFU01:000230666;$5FOFT
=951  \\$102$aFAU01:000085269;$5FBoU
=951  \\$104$aFIU01:000075474;$5FMFIU
=951  \\$105$aFSU01:000112212;$5FTaSU
=951  \\$109$aNFU01:000071816;$5FJUNF
=951  \\$110$aSFU01:000916626;$5FTS
=951  \\$108$aUFU01:000742531;$5FU
=951  \\$111$aWFU01:000076885;$5FPeU

