=LDR  04450cam a2200397   4500
=001  021561177
=005  20050912142311.0
=008  731030s1974\\\\njua\\\\\b\\\\000|0\eng\\
=010  \\$a   73019523 
=020  \\$a0133146669$a0133146588 (pbk.)
=035  \\$a(OCoLC)00745944
=040  \\$aDLC$cDLC$dFHM
=050  0\$aPN1995$b.H87
=082  0\$a791.43
=090  \\$aPN1995$b.H87
=092  \\$a791.43$bH967f
=100  1\$aHurt, James,$d1934-$ecomp.
=245  10$aFocus on film and theatre.
=260  \\$aEnglewood Cliffs, N.J.,$bPrentice-Hall$c[1974]
=300  \\$aiv, 188 p.$billus.$c21 cm.
=440  \0$aFilm focus$5FTS
=490  0\$aFilm focus$5FFmFGC$5FTaFA$5FBoU$5FU
=490  0\$aA Spectrum book$5FFmFGC$5FTaFA$5FBoU$5FU
=500  \\$a"A Spectrum book."$5FTS
=505  0\$aHurt, J. Introduction: Film/theatre/film/theatre/film.--Critics: Lindsay, V. Thirty differences between the photoplays and the stage. Nicoll, A. Film reality: the cinema and the theatre. Bentley, E. Realism and the cinema. Gilman, R. About nothing--with precision. Kauffmann, S. Notes on theatre-and-film.--Makers: Actors: von Sternberg, J. Acting in film and theatre. Ross, L. and Ross, H. The player: actors talk about film acting. Directors: Eisenstein, S. Through theatre to cinema. Kantor, B. R., Blacker, I. R. and Kramer, A. Interview with Elia Kazan. Playwrights: Henderson, A. Table-talk of G. B. S.: the drama, the theatre, and the films. Cavander, K. Interview with Harold Pinter and Clive Donner. Handke, P. Theatre and film: the misery of comparison.--Filmography (p. [176]-180)--Selected bibliography (p. )$5FFmFGC$5FBoU
=505  0\$aHurt, J. Introduction: Film/theatre/film/theatre/film.--Critics: Lindsay, V. Thirty differences between the photoplays and the stage. Nicoll, A. Film reality: the cinema and the theatre. Bentley, E. Realism and the cinema. Gilman, R. About nothing--with precision. Kauffmann, S. Notes on theatre-and-film.--Makers: Actors: von Sternberg, J. Acting in film and theatre. Ross, L. and Ross, H. The player: actors talk about film acting. Directors: Eisenstein, S. Through theatre to cinema. Kantor, B. R., Blacker, I. R. and Kramer, A. Interview with Elia Kazan. Playwrights: Henderson, A. Table-talk of G. B. S.: the drama, the theatre, and the films. Cavander, K. Interview with Harold Pinter and Clive Donner. Handke, P. Theatre and film: the misery of comparison.--Filmography (p. [176]-180)--Selected bibliography (p. [180]-186)$5FTaFA
=505  0\$aHurt, J. Introduction: Film/theatre/film/theatre/film.--Critics: Lindsay, V. Thirty differences between the photoplays and the stage. Nicoll, A. Film reality: the cinema and the theatre. Bentley, E. Realism and the cinema. Gilman, R. About nothing--with precision. Kauffmann, S. Notes on theatre-and-film.--Makers: Actors: von Sternberg, J. Acting in film and theatre. Ross, L. and Ross, H. The player: actors talk about film acting. Directors: Eisenstein, S.$5FTS
=505  0\$aThrough theatre to cinema. Kantor, B. R., Blacker, I. R. and Kramer, A. Interview with Elia Kazan. Playwrights: Henderson, A. Table-talk of G. B. S.: the drama, the theatre, and the films. Cavander, K. Interview with Harold Pinter and Clive Donner. Handke, P. Theatre and film: the misery of comparison.--Filmography (p. [176]-180)--Selected bibliography (p. )$5FTS
=505  0\$aHurt, J. Introduction: Film/theatre/film/theatre/film.--Critics: Lindsay, V. Thirty differences between the photoplays and the stage. Nicoll, A. Film reality: the cinema and the theatre. Bentley, E. Realism and the cinema. Gilman, R. About nothing--with precision. Kauffmann, S. Notes on theatre-and-film.--Makers: Actors: von Sternberg, J. Acting in film and theatre. Ross, L. and Ross, H. The player: actors talk about film acting. Directors: Eisenstein, S. Through theatre to cinema. Kantor, B. R., Blacker, I. R. and Kramer, A. Interview with Elia Kazan. Playwrights: Henderson, A. Table-talk of G. B. S.: the drama, the theatre, and the films. Cavander, K. Interview with Harold Pinter and Clive Donner. Handke, P. Theatre and film: the misery of comparison.--Selective list of films based on plays (p. )--Selected bibliography (p. )$5FU
=650  \0$aMotion pictures.
=650  \0$aTheater.
=951  \\$101$aAMU01:000070005;$5FTaFA
=951  \\$102$aFAU01:000106862;$5FBoU
=951  \\$103$aGCU01:000040489;$5FFmFGC
=951  \\$110$aSFU01:000157064;$5FTS
=951  \\$108$aUFU01:000837071;$5FU

