=LDR  00923cam a2200301   4500
=001  021569368
=005  20120623064400.0
=008  681810s1968\\\\pau\\\\\\\\\\\000|0\eng\\
=010  \\$a   68021624 
=035  \\$a(OCoLC)00442081
=040  \\$aDLC$cDLC$dm.c.$dFWA
=050  0\$aPS3555.N42$bH6
=082  0\$a811/.5/4
=090  \\$aPS3555.N92$bH6
=092  \\$a811.54$bE57h
=100  1\$aEngels, John.
=245  14$aThe Homer Mitchell place;$bpoems.
=260  \\$a[Pittsburgh]$bUniversity of Pittsburgh Press$c[1968]
=300  \\$a63 p.$c22 cm.
=440  \0$aPitt poetry series$5FTS$5FU
=490  0\$aPitt poetry series$5FPeU$5FMFIU$5FBoU$5FTaSU
=490  0\$aPitt paperback, 39$5FU
=951  \\$102$aFAU01:000075503;$5FBoU
=951  \\$104$aFIU01:000068119;$5FMFIU
=951  \\$105$aFSU01:000098358;$5FTaSU
=951  \\$110$aSFU01:000109581;$5FTS
=951  \\$108$aUFU01:000360783;$5FU
=951  \\$111$aWFU01:000067580;$5FPeU

