=LDR  00717nam a2200205Ia 4500
=001  021578618
=005  20120622230600.0
=008  880621s1988\\\\ag\\\\\\\\\\\f000|1\spa\d
=035  \\$a(OCoLC)18118499
=040  \\$aAZU$cAZU
=090  \\$aPQ7798.17.A748$bP7 1988
=100  1\$aGarzón, Benito Carlos.
=245  13$aEl presagio y otros cuentos /$cBenito Carlos Garzón.
=260  \\$aTucumán :$bUniversidad Nacional de Tucumán,$c1988.
=300  \\$a155 p. ;$c19 cm.
=490  1\$aColección Narradores$5FU
=490  1\$aPublicación ;$vno 1408$5FU
=830  \0$aColección Narradores (San Miguel de Tucumán, Argentina)
=830  \0$aPublicación (Universidad Nacional de Tucumán) ;$vno. 1408.
=951  \\$108$aUFU01:001030051;$5FU

