=LDR  02145cjm a2200505Ia 4500
=001  021590224
=005  20110623111758.0
=007  sd|bsmenn|||||
=008  771111c19761975nyucon\\\e\\\\\\\|\\\\\\\
=010  \\$a   76762631 
=028  02$aFRL 1-5330$bRCA Red Seal
=035  \\$a(OCoLC)03410396
=040  \\$aDLC$cIEP$dPLF$dFXG
=045  \\$av7v7
=050  1\$aM1020
=090  \\$aM1020.M939$bA14 1976
=099  \\$aR$a3074
=100  1\$aMozart, Wolfgang Amadeus,$d1756-1791.
=240  10$aConcertos,$mflute, orchestra,$nK. 313,$rG major
=245  10$aRampal plays Mozart$hsound recording.
=260  \\$a[New York] :$bRCA Red Seal,$c[1976, p1975]
=300  \\$a1 sound disc :$banalog, 33 1/3 rpm, stereo. ;$c12 in.
=490  0\$aThe Classic French collection$5FMFIU
=490  1\$aClassic French collection$5FJUNF
=500  \\$a"Licensed by Erato Records of France."$5FMFIU$5FJUNF
=500  \\$aProgram notes by R. W. Gutman on container.$5FMFIU$5FJUNF
=505  0\$aConcerto in G, K 313 (25:52) -- Concerto in D, K. 314 (20:46) -- Andante in C, K. 315 (6:40).$5FJUNF
=505  0\$aConcerto in G, K. 313--Concerto in D, K. 314--Andante in C, K. 315.$5FMFIU
=511  0\$aJean-Pierre Rampal, flute ; Vienna Symphony Orchestra ; Theodor Guschlbauer, conductor.
=650  \0$aFlute with orchestra.
=650  \0$aConcertos (Flute), Arranged.
=650  \0$aConcertos (Flute)
=650  \0$aFlute with orchestra$y18th century.
=650  \0$aConcertos (Flute)$y18th century.
=700  1\$aGuschlbauer, Theodor.$4cnd
=700  1\$aRampal, Jean-Pierre,$d1922-2000.$4itr
=700  1\$aGuschlbauer, Theodor.
=700  1\$aRampal, Jean-Pierre,$d1922-2000.
=700  12$aMozart, Wolfgang Amadeus,$d1756-1791.$tAndante,$mflute, orchestra,$nK. 315,$rC major.
=700  12$aMozart, Wolfgang Amadeus,$d1756-1791.$tConcertos,$moboe, orchestra,$nK. 314,$rC major;$oarr.
=700  12$aMozart, Wolfgang Amadeus,$d1756-1791.$tConcertos,$mflute, orchestra,$nK. 313,$rG major.
=710  2\$aWiener Symphoniker.$4prf
=830  \0$aClassic French collection.
=951  \\$104$aFIU01:000532845;$5FMFIU
=951  \\$109$aNFU01:000163566;$5FJUNF

