=LDR  01331cam a2200373   4500
=001  021597213
=005  20091210143746.0
=008  730102s1972\\\\nyu\\\\\\b\\\\001|0\eng\\
=010  \\$a   72185453 
=035  \9$a(OCoLC)00540183
=040  \\$aDLC$cDLC$dOCL$dm.c.$dFDA
=050  0\$aPR4799$b.J4
=050  00$aPR4799$b.J4 1972
=082  0\$a821/.7
=090  \\$aPR4799$b.J4
=092  \\$a821.7$bH777Yj
=100  1\$aJeffrey, Lloyd N.$q(Lloyd Nicholas),$d1918-
=245  10$aThomas Hood,$cby Lloyd N. Jeffrey.
=260  \\$aNew York,$bTwayne Publishers$c[1972]
=300  \\$a176 p.$c21 cm.
=440  \0$aTwayne's English authors series,$vTEAS 137$5FTaFA$5FOFT$5FU
=490  0\$aTwayne's English authors series, TEAS 137$5FPeU$5FJUNF$5FBoU$5FSsNC
=490  0\$aTwayne's English authors series,$vTEAS 137$5FTaSU
=504  \\$aIncludes bibliographical references (p. 167-170) and index.
=600  10$aHood, Thomas,$d1799-1845.
=600  10$aHood, Thomas,$d1799-1845$xCriticism and interpretation.
=951  \\$101$aAMU01:000057110;$5FTaFA
=951  \\$107$aCFU01:000065084;$5FOFT
=951  \\$102$aFAU01:000087583;$5FBoU
=951  \\$105$aFSU01:000115452;$5FTaSU
=951  \\$106$aNCU01:000196756;$5FSsNC
=951  \\$109$aNFU01:000073795;$5FJUNF
=951  \\$108$aUFU01:000346987;$5FU
=951  \\$111$aWFU01:000078930;$5FPeU

