=LDR  01244nam a2200361I  4500
=001  021609273
=005  20100603095228.0
=008  770804s1927\\\\enk\\\\\\b\\\\000|0beng\d
=010  \\$aa  28000133 
=019  \\$a3160297
=035  \\$a(OCoLC)00562271
=040  \\$cHEI$dFHM
=090  \\$aPR4836$b.A56 1927
=090  \\$aPR4836$b.A52
=090  \\$aPR4836$b.A7 1963
=092  \\$a828.7$bK25Yk
=100  1\$aKeats, John,$d1795-1821.
=245  14$aThe life & letters of John Keats,$cby Lord Houghton.
=260  \\$aLondon,$bDent;$aNew York,$bDutton$c[1927]
=300  \\$axvi, 231 p.$c17 cm.
=440  \0$aEveryman's library.$pBiography,$vno. <801>$5FTS
=440  \0$aEveryman's library,$vno. 801$5FFmFGC
=490  0\$aEveryman's library. Biography, [no. 801]$5FU
=490  0\$aEveryman's library, no. 801$5FPeU
=500  \\$aIntroduction by Robert Lynd.$5FU$5FTS
=504  \\$aBibliography: p. xvi.
=700  1\$aMilnes, Richard Monckton,$cBaron Houghton,$d1809-1885.
=700  1\$aLynd, Robert,$d1879-1949.
=700  1\$aMilnes, Richard Monckton,$cBaron Houghton,$d1809-1885.
=951  \\$103$aGCU01:000053782;$5FFmFGC
=951  \\$110$aSFU01:000131666;$5FTS
=951  \\$108$aUFU01:000046285;$5FU
=951  \\$111$aWFU01:000152689;$5FPeU

