=LDR  01870nam a2200457I  4500
=001  021620574
=005  20110208140133.0
=008  731009s1963\\\\nyu\\\\\\\\\\\000|0\eng\d
=010  \\$a   65005259 
=019  \\$a489881
=019  \\$a489881
=035  \\$a(OCoLC)00713539
=040  \\$cTOL$dFTU
=090  \\$aKF4530$b.N36 1963
=090  \\$aJK2417$b.N3
=090  \\$aJK2417$b.N33 1963
=110  2\$aNational Municipal League.$bState Constitutional Studies Project.
=245  10$aModel State constitution.
=250  \\$a6th ed.
=260  \\$aNew York,$c1963.
=300  \\$a33 p. ;$c23 cm.
=410  21$aIts$tPublications,$vser. 1, no. 1$5FSsNC$5FBoU
=410  21$aNational Municipal League.$tPublications,$vser. 1, no. 1$5FU
=440  \0$aPublications (National Municipal League. State Constitutional Studies Project),$vser. 1, no. 1$5FPeU
=490  1\$aPublications, ser. 1, no. 1$5FOFT
=490  1\$aPublications,$vser. 1, no. 1$5FTaSU
=500  \\$aEarlier editions by its Committee on State Government.$5FOFT$5FSsNC$5FBoU$5FTaSU$5FU
=500  \\$aEarlier editions by its Committee in State Government.$5FPeU
=650  \0$aConstitutions$zUnited States$xStates.
=650  \0$aState governments.
=650  \0$aConstitutions, State$zUnited States.
=710  2\$aNational Municipal League.$bCommittee on State Government.$tModel State constitution.
=830  \0$aPublications (National Municipal League. State Constitutional Studies Project) ;$vseries I, no. 1.
=830  \0$aPublications (National Municipal League. State Constitutional Studies Project) ;$vser. 1, no. 1.
=951  \\$107$aCFU01:000059473;$5FOFT
=951  \\$102$aFAU01:000080792;$5FBoU
=951  \\$105$aFSU01:000105776;$5FTaSU
=951  \\$106$aNCU01:000052145;$5FSsNC
=951  \\$108$aUFU01:000267921;$5FU
=951  \\$111$aWFU01:000092172;$5FPeU
=991  \\$a(OCoLC)00489881

