=LDR  02184cam a2200481 i 4500
=001  021629945
=005  20070709130218.0
=008  771020s1977\\\\dcuab\\\\b\\\f000|0\eng\d
=010  \\$a   77608310 //r85
=020  \\$c{dollar}7.50
=035  \\$a(OCoLC)03412965
=037  \\$a003-003-01858-9
=040  \\$aDLC$cDLC$dm.c.$dFTU
=050  \\$aQC100$b.U57 no. 492
=050  0\$aQC100$b.U57 no. 492$aQD139.T7
=074  \\$a247
=082  0\$a602/.1 s$a574.1/9285
=086  \\$aC 13.10:492
=099  \\$aC 13.10: 492
=100  1\$aMavrodineanu, Radu,$d1910-
=110  1\$aUnited States.$bNational Bureau of Standards.
=245  10$aProcedures used at the National Bureau of Standards to determine selected trace elements in biological and botanical materials /$cedited by R. Mavrodineanu ; sponsored by the U.S. Environmental Protection Agency.
=260  \\$aWashington :$bU.S. Dept. of Commerce, National Bureau of Stardards,$c1977.
=300  \\$ax, 287 p. :$bIll. ;$c27 cm.
=440  \0$aNBS special publication,$v492$5FU$5FMFIU
=490  1\$aNational Bureau of Standards special publication ; 492$5FTS$5FOFT
=490  1\$aNBS special publication ; 492$5FBoU
=500  \\$aSponsored by Environmental Protection Agency and partially supported by Energy Research and Development Administration.$5FU$5FMFIU$5FBoU
=500  \\$aMONTHLY CATALOG NUMBER: gp 78006271$5FMFIU$5FBoU
=504  \\$aIncludes bibliographical references.
=650  \0$aNatural products$xAnalysis.
=650  \0$aTrace elements$xAnalysis
=700  1\$aMavrodineanu, Radu,$d1910-
=710  1\$aUnited States.$bEnvironmental Protection Agency.
=710  1\$aUnited States.$bEnergy Research and Development Administration.
=710  2\$aInstitute for Materials Research (U.S.)$bAnalytical Chemistry Division.
=710  2\$aInstitute for Materials Research.$bAnalytical Chemistry Division.
=740  0\$aProcedures used at the National Bureau of Standards to determine selected trace elements ...
=830  \0$aNBS special publication ;$v492.
=951  \\$107$aCFU01:000254160;$5FOFT
=951  \\$102$aFAU01:000457606;$5FBoU
=951  \\$104$aFIU01:000269202;$5FMFIU
=951  \\$108$aUFU01:001179837;$5FU

