=LDR  01482nam a2200433   4500
=001  021639245
=005  20120623000300.0
=008  730124s1972\\\\wb\\\\\\\b\\\\000|0\eng\\
=010  \\$a72093416  
=015  \\$aGDB***
=020  \\$a3540060731 (New York)
=035  \\$a(OCoLC)00578269
=040  \\$aDLC$cDLC$dFUG
=050  0\$aQA3$b.L28 no. 297
=050  0\$aQA3$b.L28 no. 297$aQA331
=082  0\$a510/.8 s$a515/.9
=090  \\$aQA3$b.L28 no. 297
=099  \\$a510.08$aL471$ano.297
=100  1\$aGarnett, John,$cPh.D.
=245  10$aAnalytic capacity and measure.
=260  \\$aBerlin,$aNew York,$bSpringer-Verlag,$c1972.
=300  \\$aiv, 138 p.$c26 cm.
=440  \0$aLecture notes in mathematics (Springer-Verlag)$v297$5FU
=490  0\$aLecture notes in mathematics. no.297$5FTaSU
=490  1\$aLecture notes in mathematics, 297$5FTaFA$5FPeU$5FJUNF$5FMFIU$5FBoU$5FTS
=504  \\$aBibliography: p. [131]-138.
=650  \0$aAnalytic functions.
=650  \0$aSet functions.
=650  \0$aApproximation theory.
=830  \0$aLecture notes in mathematics (Springer-Verlag)$v297.
=830  \0$aLecture notes in mathematics (Berlin)$v297.
=951  \\$101$aAMU01:000059915;$5FTaFA
=951  \\$102$aFAU01:000092010;$5FBoU
=951  \\$104$aFIU01:000080286;$5FMFIU
=951  \\$105$aFSU01:000121927;$5FTaSU
=951  \\$109$aNFU01:000077137;$5FJUNF
=951  \\$110$aSFU01:000134617;$5FTS
=951  \\$108$aUFU01:000047215;$5FU
=951  \\$111$aWFU01:000082565;$5FPeU

