=LDR  02170ccm a2200481I  4500
=001  021648763
=005  20130821133236.0
=008  730319s1961\\\\gw\uuuu\\\\\\\\\\|0\eng\u
=010  \\$a   63005981 /M
=035  \\$a(OCoLC)00582973
=040  \\$cWSU$dFXG
=041  1\$aengger
=048  \\$azn
=050  \\$aM2$b.M94512 no. 12
=090  \\$aM2$b.M94512 no.12
=090  \\$aM2$b.A57, v.12
=100  1\$aFerand, Ernest T.$q(Ernest Thomas),$d1887-1972.
=240  10$aImprovisation; in Beispielen aus neun Jahrhunderten abendländischer Musik.$lEnglish
=245  10$aImprovisation in nine centuries of western music;$ban anthology with a historical introduction.
=260  \\$aKöln,$bArno Volk Verlag; sole distributors for the U.S.A., MCA Music, New York$c[c1961]
=300  \\$ascore (163 p.)$c33 cm.
=440  \0$aMusikwerk (Anthology of music),$vno. 12$5FPeU
=490  0\$aAnthology of music; a collection of complete musical examples illustrating the history of music ; 12$5FBoU
=490  1\$aAnthology of music; a collection of complete musical examples illustrating the history of music,$vv. 12$5FOFT$5FTaSU
=490  1\$aAnthology of music; a collection of complete musical examples illustrating the history of music, v. 12$5FTS
=490  1\$aAnthology of music; a collection of complete musical examples illustrating the history of music,$vno. 12$5FU$5FMFIU
=500  \\$aOriginal title: Die Improvisation.$5FU$5FOFT$5FMFIU$5FBoU$5FTS$5FPeU$5FTaSU
=500  \\$aFor voices and instruments.$5FU$5FOFT$5FMFIU$5FBoU$5FTS$5FPeU$5FTaSU
=630  00$aImprovisation (Music)
=650  \0$aInstrumental music.
=650  \0$aVocal music.
=650  \0$aImprovisation (Music)
=650  \0$aInstrumental music$yTo 1800.
=650  \0$aVocal music$yTo 1800.
=830  \0$aMusikwerk (Anthology of Music),$vno. 12.
=830  \0$aMusikwerk (Anthology of music) ;$vno. 12
=951  \\$107$aCFU01:000069246;$5FOFT
=951  \\$102$aFAU01:000092527;$5FBoU
=951  \\$104$aFIU01:000080669;$5FMFIU
=951  \\$105$aFSU01:000783496;$5FTaSU
=951  \\$110$aSFU01:000135463;$5FTS
=951  \\$108$aUFU01:000047518;$5FU
=951  \\$111$aWFU01:000229749;$5FPeU

