=LDR  01401cam a2200361Ii 4500
=001  021656365
=005  20150212120400.0
=008  760315s1975\\\\fluab\\\\b\\\f000\0\eng\d
=035  \\$a(OCoLC)02050126
=040  \\$aGIS$beng$cGIS$dOCL$dOCLCQ$dISL$dOCLCQ$dOKU$dOCLCQ$dFTU
=043  \\$an-us-fl
=049  \\$aFTUG
=050  14$aGB651$b.U5 no.28-75
=086  0\$aI 19.42/4:28-75
=100  1\$aTibbals, C. H.
=245  10$aAquifer tests in the Summit reach of the proposed Cross-Florida Barge Canal near Ocala, Florida /$cby C.H. Tibbals.
=260  \\$aTallahassee :$bU.S. Geological Survey,$c1975.
=300  \\$av, 42 pages :$billustrations, map ;$c27 cm.
=336  \\$atext$btxt$2rdacontent
=337  \\$aunmediated$bn$2rdamedia
=338  \\$avolume$bnc$2rdacarrier
=490  0\$aWater resources investigations - U.S. Geological Survey ;$v28-75
=500  \\$aPrepared in cooperation with U.S. Dept. of the Army, Corps of Engineers.
=504  \\$aIncludes bibliographical references (page 42).
=500  \\$a"August 1975."
=650  \0$aAquifers$zFlorida$zSummit reach.
=651  \0$aMarjorie Harris Carr Cross Florida Greenway (Fla.)
=710  1\$aUnited States.$bArmy.$bCorps of Engineers.
=951  \\$107$aCFU01:000123506;$5FOFT
=951  \\$105$aFSU01:001750638;$5FTaSU
=951  \\$109$aNFU01:000137966;$5FJUNF
=951  \\$110$aSFU01:000553919;$5FTS
=951  \\$108$aUFU01:001163314;$5FU

