=LDR  01782cam a2200457Ia 4500
=001  021664186
=005  20150206170656.0
=008  820712s1981\\\\fluab\\\\b\\\f000\0\eng\d
=035  \\$a(OCoLC)08593751
=040  \\$aGIS$beng$cGIS$dGPO$dOCLCQ$dFDAGB$dOCLCQ$dOCLCF$dOCLCO$dOCLCQ$dFTU
=043  \\$an-us-fl
=049  \\$aFTUG
=050  14$aQE99$b.O7 no.82-252
=074  \\$a624-H (microfiche)
=086  0\$aI 19.76:82-252
=100  1\$aElder, John F.
=245  10$aProduction and decomposition of forest litter fall on the Apalachicola River flood plain, Florida /$cby John F. Elder and Duncan J. Cairns.
=260  \\$aTallahassee, Fla. :$bU.S. Dept. of the Interior, Geological Survey,$c1981.
=300  \\$avii, 73 pages :$billustrations, maps ;$c28 cm.
=336  \\$atext$btxt$2rdacontent
=337  \\$aunmediated$bn$2rdamedia
=338  \\$avolume$bnc$2rdacarrier
=490  1\$aOpen-file report ;$v82-252
=500  \\$aMONTHLY CATALOG NUMBER: gp 83009645$5FBoU$5FOFT
=500  \\$a"Pending publication as Water-supply paper 2196-B."
=504  \\$aIncludes bibliographical references (pages 67-71).
=650  \0$aSoil science.
=650  \0$aForest litter.
=651  \0$aApalachicola River (Fla.)
=650  \7$aForest litter.$2fast$0(OCoLC)fst00932218
=650  \7$aSoil science.$2fast$0(OCoLC)fst01124601
=651  \7$aFlorida$zApalachicola River.$2fast$0(OCoLC)fst01240078
=700  1\$aCairns, Duncan J.
=710  2\$aGeological Survey (U.S.)
=830  \0$aOpen-file report (Geological Survey (U.S.)) ;$v82-252.
=951  \\$102$aFAU01:000282082;$5FBoU
=951  \\$104$aFIU01:000441735;$5FMFIU
=951  \\$105$aFSU01:001431928;$5FTaSU
=951  \\$109$aNFU01:000209102;$5FJUNF
=951  \\$110$aSFU01:000554158;$5FTS
=951  \\$108$aUFU01:001261325;$5FU

