=LDR  01813cam a2200445Ia 4500
=001  021673595
=005  20070615132445.0
=008  721025s1972\\\\dcu\\\\\\b\\\\001\0\eng\\
=010  \\$a72600009
=020  \\$bpbk. :$c{dollar}2.50
=035  \\$a(OCoLC)00496490
=037  \\$a003-003-01673-0
=040  \\$aDLC$cDLC$dOCLCQ$dBTCTA$dFTU
=050  \\$aQC100$b.U57 no. 363
=050  0\$aQC100$b.U57 no. 363$aZ7144.S7$aQC454.A8
=074  \\$a247
=082  0\$a389/.08 s$a016.5397/2
=086  \\$aC 13.10:363/supp.1
=086  0\$aC 13.10:363
=099  \\$aC 13.10:363/supp.1
=100  1\$aHagan, Lucy.
=245  10$aBibliography on atomic energy levels and spectra :$bJuly 1968 through June 1971 /$c[by] Lucy Hagan and W.C. Martin.
=260  \\$aWashington, D.C. :$bNational Bureau of Standards,$c1972.
=300  \\$aiv, 102 p. ;$c27 cm.
=490  1\$aNBS special publication ; 363$5FTS$5FBoU
=490  1\$aNational Bureau of Standards special publication$v363$5FOFT
=500  \\$aMONTHLY CATALOG NUMBER: gp 77006740$5FTS$5FBoU
=500  \\$aCODEN: XNBSAV.$5FTS$5FOFT$5FBoU
=500  \\$aSupplement to Bibliography on atomic energy levels and spectra, July 1968 through June 1971.$5FTS$5FBoU
=650  \0$aAtomic spectra$xBibliography.
=650  \0$aEnergy levels (Quantum mechanics)$xBibliography.
=650  \0$aAtomic spectroscopy$vBibliography.
=700  1\$aMartin, W. C.$q(William Clyde),$d1929-$ejoint author.
=710  1\$aInstitute for Basic Standards (U.S.)$bOptical Physics Division.
=810  1\$aUnited States.$bNational Bureau of Standards.$tSpecial publication$v363/supp.1.
=830  \0$aNBS special publication ;$v363.
=830  \0$aNBS special publication$v363/supp.1.
=951  \\$107$aCFU01:001390657;$5FOFT
=951  \\$102$aFAU01:000453387;$5FBoU
=951  \\$110$aSFU01:000554491;$5FTS

