=LDR  03903cam a2200625Ia 4500
=001  021682665
=005  20110309124822.0
=006  m\\\\\\\\d\\\\\\\\
=007  cr\cn|
=008  100209s2009\\\\gw\a\\\\ob\\\\101\0\eng\d
=020  \\$a9783642108686
=020  \\$a3642108687
=035  \\$a(OCoLC)505433327
=037  \\$a978-3-642-10867-9$bSpringer$nhttp://www.springerlink.com
=040  \\$aGW5XE$beng$cGW5XE$dGZM$dWAU$dOSU
=050  \4$aQA76.9.A25$bI43 2009
=050  \4$aQA76.9.A25
=082  04$a005.8/2$222
=111  2\$aIMA International Conference$n(12th :$d2009 :$cCirencester, England)
=245  10$aCryptography and coding$h[electronic resource] :$b12th IMA International Conference, cryptography and coding 2009, Cirencester, UK, December 15-17, 2009 : proceedings /$cMatthew G. Parker (ed.).
=246  30$aCryptography and coding 2009
=260  \\$aBerlin ;$aNew York :$bSpringer,$cc2009.
=300  \\$a1 online resource (xi, 494 p.) :$bill.
=490  1\$aLecture Notes in Computer Science ;$v5921$5FTS
=490  1\$aLNCS sublibrary: SL 4-security and cryptology$5FU$5FMFIU
=490  1\$aLecture notes in computer science,$x0302-9743 ;$v5921$5FU$5FMFIU$5FOFT
=500  \\$aInternational conference proceedings.$5FTS$5FOFT
=500  \\$aIncludes index.$5FTS
=500  \\$aDescription based on print version record.$5FMFIU
=504  \\$aIncludes bibliographical references and index.
=505  0\$aCoding theory -- Symmetric cryptography -- Security protocols -- Asymmetric cryptography -- Boolean functions -- Side channels and implementations.$5FU
=533  \\$aElectronic reproduction.$bNew York :$cSpringer,$d2010.$nMode of access: World Wide Web.$nSystem requirements: Web browser.$nTitle from title screen (viewed on Jan. 22, 2010).$nAccess may be restricted to users at subscribing institutions.$5FTS
=588  \\$aDescription based on print version record.
=650  \0$aCoding theory$vCongresses.
=650  \0$aCryptography$vCongresses.
=650  \0$aData encryption (Computer science)$vCongresses.
=655  \0$aElectronic books.
=655  \7$aElectronic books.$2local
=700  1\$aParker, Matthew G.
=710  2\$aSpringerLink (Online service)
=776  08$iPrint version:$aIMA International Conference (12th : 2009 : Cirencester, England).$tCryptography and coding.$dBerlin ; New York : Springer, c2010$z9783642108679$w(DLC) 2009939840$w(OCoLC)471803156
=776  08$iPrint version:$tCryptography and Coding.$dSpringer-Verlag New York Inc 2010$z9783642108679$w(OCoLC)471803156
=830  \0$aLecture notes in computer science ;$v5921.
=830  \0$aLNCS sublibrary.$nSL 4,$pSecurity and cryptology.
=856  40$yClick here for alternate access from SpringerLink$uhttps://login.ezproxy.net.ucf.edu/login?url=http://springerlink.com/openurl.asp?genre=issue&issn=0302-9743&volume=5921$xxnoindex$5FOFT$zSpringerLink
=856  40$yUCF: Click here for ONLINE ACCESS$uhttps://login.ezproxy.net.ucf.edu/login?url=http://dx.doi.org/10.1007/978-3-642-10868-6$xxnoindex$5FOFT$zSpringerLink
=856  40$xSpringerLink$uhttp://ezproxy.lib.usf.edu/login?url=http://dx.doi.org/10.1007/978-3-642-10868-6$xAn electronic book accessible through the World Wide Web; click for information$5FTS
=856  40$3SpringerLink$uhttp://dx.doi.org/10.1007/978-3-642-10868-6$5FU
=856  40$3SpringerLink$uhttp://ezproxy.fiu.edu/login?url=http://dx.doi.org/10.1007/978-3-642-10868-6$5FMFIU$yFIU users: view content here
=856  40$uhttp://ezproxy.fiu.edu/login?url=http://springerlink.com/openurl.asp?genre=issue&issn=0302-9743&volume=5921$5FMFIU$yFIU users: view content here
=949  \\$aFTS$bSFERS$cBOOK$xPROCESSED 20100219 SpringerLink$hQA76.9.A25 (ONLINE:SpringerLink)$b(ONLINE:SpringerLink)
=951  \\$107$aCFU01:001881900;$5FOFT
=951  \\$104$aFIU01:001617310;$5FMFIU
=951  \\$110$aSFU01:002061378;$5FTS
=951  \\$108$aUFU01:005076491;$5FU

