=LDR  02349cam a2200601Ia 4500
=001  021691023
=005  20100303225023.0
=008  751118s1975\\\\dcuf\\\\\b\\\f000|0\eng\d
=020  \\$bpbk. :$c{dollar}0.70
=035  \\$a(OCoLC)01840732
=037  \\$a001-000-03375
=040  \\$aAGL$cAGL$dGPO$dOCL$dAGL$dOCL$dUBA$dOCLCQ$dLVB$dOCLCG$dGPO$dMvI
=043  \\$an-us---
=050  \4$aS21$b.A37 no.464
=070  0\$a1$bAg84Ah no.464
=072  \0$aF851
=074  \\$a3
=086  \\$aA 1.76:464
=099  \\$aA 1.76:464
=100  1\$aSimmons, Perez,$d1811-1885.
=245  10$aInsects on dried fruits /$c[by Perez Simmons and Howard D. Nelson].
=260  \\$aWashington, D.C. :$bAgricultural Research Service, U.S. Dept. of Agriculture,$c1975.
=300  \\$aiii, 26 p. :$bcol. ill. ;$c24 cm.
=490  1\$aAgriculture handbook ; no. 464$5FTS$5FTaFA$5FBoU$5FOFT
=490  1\$aAgricultural handbook ;$v464$5FJUNF
=490  1\$aAgriculture handbook / United States Department of Agriculture ;$vno. 464$5FU$5FMFIU
=500  \\$aMonthly Catalog Number: gp 6001465$5FOFT
=500  \\$aIssued July 1975.$5FTS$5FJUNF$5FU$5FTaFA$5FMFIU$5FBoU$5FOFT
=500  \\$aCover title.$5FTS$5FU$5FTaFA$5FMFIU$5FBoU$5FOFT
=500  \\$aMONTHLY CATALOG NUMBER: gp 76001465$5FTS$5FTaFA$5FBoU
=500  \\$aShipping list no.: unknown.$5FU$5FMFIU
=504  \\$aIncludes bibliographical references (p. 22).
=650  \0$aInsect pests.
=650  \0$aDried fruit.
=650  \0$aFruit$xDiseases and pests.
=650  \0$aFruit, Dried$xDiseases and pests.
=650  \0$aInsects as pests.
=650  \0$aDried fruit$xDiseases and pests.
=650  \0$aInsect pests$xIdentification.
=700  1\$aNelson, Howard D.,$ejoint author.
=700  1\$aNelson, Howard D.
=700  1\$aNelson, Howard D.,$d1913-
=710  1\$aUnited States.$bAgricultural Research Service.
=810  1\$aUnited States.$bDept. of Agriculture.$tAgriculture handbook ;$vno. 464.
=830  \0$aAgriculture handbook (United States. Department of Agriculture) ;$vno. 464.
=098  98$aA1.76:$a464
=951  \\$101$aAMU01:000234516;$5FTaFA
=951  \\$107$aCFU01:000459589;$5FOFT
=951  \\$102$aFAU01:000453739;$5FBoU
=951  \\$104$aFIU01:000262494;$5FMFIU
=951  \\$109$aNFU01:000133333;$5FJUNF
=951  \\$110$aSFU01:000555024;$5FTS
=951  \\$108$aUFU01:001158404;$5FU

