=LDR  02830cam a2200613 i 4500
=001  021700359
=005  20150409094400.0
=008  760209s1976\\\\mdu\\\\\\bs\\f000\0\eng\\
=010  \\$a76608028
=016  7\$a7601718$2DNLM
=020  \\$a0840600674
=020  \\$a9780840600677
=035  \\$a(OCoLC)02048774
=040  \\$aDLC$beng$cDLC$dNLM$dOCLCQ$dBTCTA$dTAI$dOCLCO$dOCLCA$dOCLCF$dOCLCQ$dOCLCO$dOCL$dFTU
=043  \\$an-us---
=049  \\$aFTUU
=050  00$aRA407.3$b.A347 no. 158$aLB1131
=060  00$aW2 A$bN148vk no.158 1976
=082  00$a312/.0973 s$a373.1/2/6
=086  0\$aHE 20.6209:11/158
=100  1\$aHitchcock, Dale C.
=245  10$aIntellectual development and school achievement of youths 12-17 years :$bdemographic and socioeconomic factors /$c[Dale C. Hitchcock, Lincoln I. Oliver].
=260  \\$aRockville, Md. :$bU.S. Dept. of Health, Education, and Welfare, Public Health Service, Health Resources Administration, National Center for Health Statistics ;$a[Washington] :$b[For sale by the Supt. of Docs., U.S. Govt. Print. Off.],$c[1976]
=300  \\$aiii, 65 pages :$bgraphs ;$c26 cm.
=336  \\$atext$btxt$2rdacontent
=337  \\$aunmediated$bn$2rdamedia
=338  \\$avolume$bnc$2rdacarrier
=490  1\$aVital and health statistics : Series 11, Data from the National Health Survey ;$vno. 158
=490  1\$aDHEW publication ;$vno. (HRA) 76-1640
=504  \\$aIncludes bibliographical references.
=500  \\$aIncludes appendices.
=500  \\$aMONTHLY CATALOG NUMBER: gp 77011182$5FTS$5FTaFA$5FMFIU$5FOFT
=500  \\$aIssued Dec. 1976.
=650  \0$aEducational tests and measurements$zUnited States.
=650  \0$aStudents$zUnited States$xSocial conditions.
=650  \0$aStudents$zUnited States$xEconomic conditions.
=650  \0$aAcademic achievement$zUnited States.
=650  \2$aAchievement$zUnited States$vStatistics.
=650  \2$aEducational Measurement$zUnited States$vStatistics.
=650  \2$aIntelligence Tests$zUnited States$vStatistics.
=650  \2$aSocioeconomic Factors$zUnited States$vStatistics.
=650  22$aAdolescent$zUnited States.
=650  \7$aAcademic achievement.$2fast$0(OCoLC)fst00794949
=650  \7$aEducational tests and measurements.$2fast$0(OCoLC)fst00903660
=650  \7$aStudents$xEconomic conditions.$2fast$0(OCoLC)fst01136067
=650  \7$aStudents$xSocial conditions.$2fast$0(OCoLC)fst01136121
=651  \7$aUnited States.$2fast$0(OCoLC)fst01204155
=700  1\$aOliver, Lincoln I.,$eauthor.
=830  \0$aVital and health statistics.$nSeries 11,$pData from the National Health Survey ;$vno. 158.
=830  \0$aDHEW publication ;$vno. (HRA) 76-1640.
=951  \\$101$aAMU01:000234600;$5FTaFA
=951  \\$107$aCFU01:000256099;$5FOFT
=951  \\$104$aFIU01:000262728;$5FMFIU
=951  \\$108$aUFU01:001172172;$5FU

