=LDR  01383pam a2200349 a 4500
=001  021709211
=005  20120623062700.0
=008  881014s1989\\\\sz\a\\\\\b\\\\001|0\eng\\
=010  \\$a   88039635 
=020  \\$a3718648733
=035  \\$a(OCoLC)18683011
=040  \\$aDLC$cDLC
=050  0\$aHF1713$b.H63 1989
=082  0\$a382.7/3$219
=100  1\$aHillman, Arye L.
=245  14$aThe political economy of protection /$cArye L. Hillman.
=260  \\$aChur, Switzerland ;$aNew York :$bHarwood Academic Publishers,$cc1989.
=300  \\$aviii, 167 p. :$bill. ;$c22 cm.
=490  1\$aFundamentals of pure and applied economics,$x0191-1708 ;$vv. 32.$aInternational trade section$5FU$5FTS$5FPeU$5FTaSU
=490  1\$aFundamentals of pure and applied economics ;$vv. 32.$aInternational trade section$5FOFT
=500  \\$aIncludes index.$5FU$5FTS$5FPeU$5FOFT
=504  \\$aIncludes bibliographical references (p. 152-160) and index.
=650  \0$aProtectionism.
=650  \0$aCommercial policy.
=650  \0$aInternational trade.
=830  \0$aFundamentals of pure and applied economics ;$vv. 32.
=830  \0$aFundamentals of pure and applied economics.$pInternational trade section.
=951  \\$107$aCFU01:000337994;$5FOFT
=951  \\$105$aFSU01:001344555;$5FTaSU
=951  \\$110$aSFU01:000698242;$5FTS
=951  \\$108$aUFU01:001536646;$5FU
=951  \\$111$aWFU01:000310319;$5FPeU

