=LDR  02572cam a2200613I  4500
=001  021720713
=005  20090925094138.0
=008  721227s1965\\\\pauae\\\\b\\\\000|0\engm\
=010  \\$a   65023434 
=035  \\$a(OCoLC)00525851
=040  \\$aDLC$cAKR$dOCL$dm.c.$dFDA
=043  \\$an-mx---
=050  0\$aQ11$b.P6 n.s., v.55, pt.6
=050  0\$aQ11$b.P6 n.s., vol. 55, pt. 06
=050  0\$aQ11$b.P6 n.s. v. 55 pt. 6
=051  \\$aF1219.1.T27$bM82$cCopy 3.
=082  0\$a970.425
=090  \\$aQ11$b.P6 n.s., v.55, pt.6
=090  \\$aF1219.1.T27$bM45 1965
=090  \\$aAS36$b.A5 n.s., v.55, pt.6
=099  \\$a970.425$aM656p
=100  1\$aMillon, René Francis.
=245  14$aThe Pyramid of the Sun at Teotihuacán,$b1959 investigations$c[by] René Millon, Bruce Drewitt, and James A. Bennyhoff.
=260  \\$aPhiladelphia,$bAmerican Philosphical Society,$c1965.
=300  \\$a93 p.$billus., plans.$c30 cm.
=410  20$aAmerican Philosophical Society.$tTransactions, new ser.,$vv. 55, pt. 6$5FOFT
=440  \0$aTransactions of the American Philosophical Society,$vnew ser., v. 55, pt. 6$5FPeU
=440  \0$aTransactions of the American Philosophical Society, n.s.$vv. 55, pt. 6$5FTS
=440  \0$aTransactions of the American Philosophical Society.$vv. 55, pt. 6$5FU
=490  0\$aTransactions of the American Philosophical Society, new ser., v. 55, pt. 6$5FTaSU
=490  0\$aTransactions, new ser.,$vv. 55, pt. 6$5FBoU
=500  \\$aIncludes index.$5FTaSU
=500  \\$aREPL*$5FU
=504  \\$aBibliography: p. 40-41.
=610  10$aTeotihuacán Site (San Juan Teotihuacán, Mexico)
=610  10$aTeotihuacán, Mexico.$bPyramid of the Sun.
=650  \0$aExcavations (Archaeology)$zMexico$zTeotihuacán.
=651  \0$aMexico$xAntiquities.
=651  \0$aTeotihuacán Site (San Juan Teotihuacán, Mexico)$xPyramid of the Sun.
=651  \0$aTeotihuacán (Mexico).$bPyramid of the Sun.
=700  1\$aBennyhoff, James Allen,$d1926-$ejoint author.
=700  1\$aDrewitt, Bruce.
=700  1\$aBennyhoff, James Allen,$d1926-
=700  1\$aDrewitt, Bruce,$ejoint author.
=700  1\$aBennyhoff, James A.$q(James Allan),$d1926-1993.
=700  1\$aBennyhoff, James A.
=700  1\$aBennyhoff, James A.$q(James Allan),$d1926-1993$ejoint author.
=710  2\$aAmerican Philosophical Society
=951  \\$107$aCFU01:000063063;$5FOFT
=951  \\$102$aFAU01:000445330;$5FBoU
=951  \\$105$aFSU01:000112679;$5FTaSU
=951  \\$110$aSFU01:000124203;$5FTS
=951  \\$108$aUFU01:000452240;$5FU
=951  \\$111$aWFU01:000077199;$5FPeU

