=LDR  01822cam a2200457Ia 4500
=001  021730675
=005  20080410175011.0
=008  750404s1894\\\\mauaf\\j\\\\\\000\f\eng\\
=035  \\$a(OCoLC)01252044
=040  \\$aKSU$cKSU$dOCL$dOCLCQ$dFUG
=043  \\$an-us---
=090  \\$aPS1006.A5$bV48 1894
=099  \\$a23h39329
=100  1\$aOptic, Oliver,$d1822-1897.
=245  12$aA victorious union /$cby Oliver Optic.
=260  \\$aBoston :$bLee and Shepard,$c1894$e([Boston] :$fElectroyping by C.J. Peters & Son ; S. J. Parkhill & Co.)
=300  \\$a361, [2] p., [7] leaves of plates :$bill. ;$c19 cm.
=490  1\$aHis The blue and the gray series$5FFmFGC
=490  1\$aBlue and the gray series ;$v6$5FU
=500  \\$aAdded t.-p. illustrated.$5FFmFGC
=500  \\$aAdded title page, engraved ; illustrations engraved by H. Burgess.$5FU
=650  \0$aChristian life$vJuvenile fiction.
=650  \0$aSchooners$vJuvenile fiction.
=650  \0$aNaval battles$vJuvenile fiction.
=650  \0$aSailors$vJuvenile fiction.
=650  \0$aBattles$vJuvenile fiction.
=650  \0$aSoldiers$vJuvenile fiction.
=650  \0$aPatriotism$vJuvenile fiction.
=650  \0$aArmed Forces$xOfficers$vJuvenile fiction.
=650  \0$aConduct of life$vJuvenile fiction.
=650  \0$aYouth$xConduct of life$vJuvenile fiction.
=651  \0$aUnited States$xHistory$yCivil War, 1861-1865$xJuvenile fiction.
=690  \4$aBldn$y1894.$5FU
=710  2\$aLee and Shepard.$4pbl
=710  2\$aC.J. Peters & Son.$4prt
=710  2\$aS.J. Parkhill & Co.$4prt
=752  \\$aUnited States$bMassachusetts$dBoston.
=800  1\$aOptic, Oliver,$d1822-1897.$tBlue and the gray series.
=800  1\$aOptic, Oliver,$d1822-1897.$tBlue and the Gray series ;$v6.
=951  \\$103$aGCU01:000045769;$5FFmFGC
=951  \\$108$aUFU01:002392465;$5FU

