=LDR  00808nam a2200253I  4500
=001  021741685
=005  20110210083331.0
=008  730525\1970\\\\\\\\\\\\\\\\\\\\\|\\ita\u
=035  \\$a(OCoLC)00631070
=040  \\$cDAY$dm.c.$dFDA
=041  1\$aitafre
=090  \\$aPN2096.S9$bB36
=092  \\$a792.025092$bS969b
=100  1\$aBablet, Denis.
=245  13$aLa scena e l'immagine;$bsaggio su Josef Svoboda.$cTraduzione di Clara Lusignoli.
=260  \\$a[Torino]$bEinaudi$c[c1970]
=300  \\$axi, 253 p.$billus., 101 plates.$c22 cm.
=490  0\$aSaggi, 462$5FU
=490  0\$aSaggi, 462$v462$5FTaSU
=500  \\$aTranslation of Josef Svoboda.$5FU$5FTaSU
=504  \\$aBibliography: p. [249]-253.
=600  10$aSvoboda, Josef,$d1920-2002.
=951  \\$105$aFSU01:000130286;$5FTaSU
=951  \\$108$aUFU01:000050219;$5FU

