=LDR  01790cam a2200445Ii 4500
=001  021751780
=005  20150429165749.0
=008  760802s1976\\\\ohua\\\\\b\\\f000\0\eng\d
=019  \\$a461522992
=035  \\$a(OCoLC)02350182
=040  \\$aHEW$beng$cHEW$dGPO$dOCLCQ$dAGLLB$dOCLCQ$dWAU$dOCLCF$dFTU
=043  \\$an-us---
=049  \\$aFTUG
=050  \4$aTH7657$b.L5
=086  0\$aHE 20.7108.In 2
=110  2\$aArthur D. Little, Inc.
=245  10$aRecommended industrial ventilation guidelines /$cJohn H. Hagopian, E. Karl Bastress.
=260  \\$aCincinnati :$bNational Institute for Occupational Safety and Health, Division of Physical Sciences and Engineering :$bFor sale by the Supt. of Docs., U.S. Govt. Print. Off.,$c1976.
=300  \\$av, 330 pages :$billustrations.
=336  \\$atext$btxt$2rdacontent
=337  \\$aunmediated$bn$2rdamedia
=338  \\$avolume$bnc$2rdacarrier
=490  1\$a[D]HEW publication ;$vno. (NIOSH) 76-162
=490  1\$aNIOSH technical information
=500  \\$aMONTHLY CATALOG NUMBER: gp 77002026$5FTS$5FOFT$5FMFIU$5FBoU
=500  \\$aContract no. CDC-99-74-33 with Arthur D. Little.
=500  \\$aIssued Jan. 1976.
=504  \\$aIncludes bibliographical references and appendices.
=650  \0$aVentilation.
=650  \0$aIndustrial hygiene.
=650  \7$aIndustrial hygiene.$2fast$0(OCoLC)fst00971122
=650  \7$aVentilation.$2fast$0(OCoLC)fst01165252
=700  1\$aHagopian, John H.
=700  1\$aBastress, E. Karl.
=830  \0$aDHEW publication ;$vno. (NIOSH) 76-162.
=810  2\$aNational Institute for Occupational Safety and Health.$tNIOSH technical information.
=951  \\$107$aCFU01:000460885;$5FOFT
=951  \\$102$aFAU01:000454584;$5FBoU
=951  \\$104$aFIU01:000263927;$5FMFIU
=951  \\$108$aUFU01:001166284;$5FU

