=LDR  01910cam a2200481 i 4500
=001  021761294
=005  20070710123522.0
=008  780630s1979\\\\dcua\\\\\b\\\f000|0\eng\\
=010  \\$a   78606168 //r85
=020  \\$bpbk. :$c{dollar}2.40
=035  \\$a(OCoLC)04075809
=037  \\$a003-003-02009-5
=040  \\$aDLC$cDLC$dFTU
=050  \\$aQC100$b.U57 no. 500-38
=050  0\$aQC100$b.U57 no. 500-38$aQA76.9.E94
=074  \\$a247
=082  0\$a602/.1 s$a001.6/4
=086  0\$aC 13.10:500-38
=090  \\$aQA76.9.E94$bC6
=099  \\$aC 13.10:500-38
=100  1\$aConti, Dennis M.
=245  10$aFindings of the standard benchmark library study group /$cDennis M. Conti.
=260  \\$aWashington :$bInstitute for Computer Sciences and Technology, National Bureau of Standards,$c1979.
=300  \\$a53 p. in various pagings :$bill. ;$c27 cm.
=440  \0$aComputer science & technology$5FU
=440  \0$aNBS special publication,$v500-38$5FU$5FOFT
=440  \0$aNBS special publication.$pComputer science & technology$5FSsNC$5FTS$5FBoU
=490  1\$aNBS special publication ; 500-38$5FSsNC$5FTS$5FBoU
=490  1\$aComputer science & technology$5FOFT
=490  1\$aNBS special publication ; 500-38. Computer science & technology$5FMFIU
=500  \\$aMONTHLY CATALOG NUMBER: gp 79007285$5FTS$5FMFIU$5FBoU
=500  \\$aIssued Jan. 1979.$5FTS$5FU$5FMFIU$5FBoU
=504  \\$aIncludes bibliographical references.
=650  \0$aElectronic digital computers$xEvaluation.
=710  2\$aInstitute for Computer Sciences and Technology.
=830  \0$aNBS special publication ;$v500-38.
=830  \0$aNBS special publication.$pComputer science & technology.
=951  \\$107$aCFU01:000255190;$5FOFT
=951  \\$102$aFAU01:000459219;$5FBoU
=951  \\$104$aFIU01:000272744;$5FMFIU
=951  \\$106$aNCU01:000056329;$5FSsNC
=951  \\$110$aSFU01:000568745;$5FTS
=951  \\$108$aUFU01:001198238;$5FU

