=LDR  01293cam a2200349I  4500
=001  021771970
=005  20090326152428.0
=008  750610s1942\\\\nyuab\\\\\\\\\000|0\eng\\
=010  \\$a   42024091 
=035  \\$a(OCoLC)01383595
=040  \\$cORL$dFTU
=043  \\$an-cn---
=050  0\$aF1050$b.B47
=082  0\$a971.4
=090  \\$aF1050$bB47
=092  \\$a971.4$bB561s
=100  1\$aBeston, Henry,$d1888-1968.
=245  14$aThe St. Lawrence,$cby Henry Besston, illustrated by A. Y. Jackson.
=260  \\$aNew York,$aToronto,$bFarrar & Rinehart, incorporated$c[1942]
=300  \\$axi p., 2 l., 3-274 p.$billus. (incl. map)$c21 cm.
=440  \4$aThe Rivers of America$5FOFT$5FTaSU
=490  0\$a[The Rivers of America]$5FFmFGC
=490  1\$aThe Rivers of America, ed. by S. V. Benét and Carl Carmer, as planned and started by Constance Lindsay Skinner.$5FTaFA
=500  \\$a"The Canadian boat song" (words and music): p. [265]$5FFmFGC$5FTaFA
=504  \\$a"The Canadian boat song" (words and music): p. [265]
=651  \0$aSaint Lawrence River.
=830  \4$aRivers of America.
=951  \\$101$aAMU01:000090297;$5FTaFA
=951  \\$107$aCFU01:000108196;$5FOFT
=951  \\$105$aFSU01:000212134;$5FTaSU
=951  \\$103$aGCU01:000046905;$5FFmFGC
=951  \\$108$aUFU01:000664615;$5FU

