=LDR  01449nam a2200289Ka 4500
=001  021780937
=005  20081022120300.0
=006  m\\\\\\\\d\f\\\\\\
=008  080917s2007\\\\dcu\\\\\s\\\\f000\0\eng\d
=035  \\$a(OCoLC)252031906
=040  \\$aGPO$cGPO$dMvI
=074  \\$a0982-D-47 (online)
=086  0\$aTD 8.63:IM 7
=245  00$aWest Virginia's impaired driving high visibility enforcement campaign$h[electronic resource].
=260  \\$aWashington, DC :$bU.S. Department of Transportation, National Highway Traffic Safety Administration,$c[2007]
=300  \\$a[2] p. :$bdigital, PDF file.
=490  0\$aTraffic safety facts ;$vno. 332$5FU$5FOFT
=490  0\$aTraffic Tech - technology transfer series$5FU$5FOFT
=500  \\$aTitle from title screen (viewed Sept. 15, 2008).$5FU$5FOFT
=500  \\$a"August 2007."$5FU$5FOFT
=538  \\$aMode of access: Internet from the NHTSA web site. Address as of 09/15/08: http://www.nhtsa.dot.gov/staticfiles/DOT/NHTSA/Communication%20&%20Consumer%20Information/Traffic%20Tech%20Publications/Associated%20Files/tt332.pdf ; current access is available via PURL.$5FU$5FOFT
=650  \0$aMass media in traffic safety$zWest Virginia.
=650  \0$aDrunk driving$zWest Virginia$xPrevention.
=710  1\$aUnited States.$bNational Highway Traffic Safety Administration.
=856  40$uhttp://purl.access.gpo.gov/GPO/LPS102190$5FU$5FOFT
=951  \\$107$aCFU01:001454596;$5FOFT
=951  \\$108$aUFU01:004294116;$5FU

