=LDR  01678nam a2200457   4500
=001  021791127
=005  20120623001400.0
=008  730524s1973\\\\wb\\\\\\\b\\\\100|0\engm\
=010  \\$a73076679  
=015  \\$aGDB***
=020  \\$a038706205X (New York)
=035  \\$a(OCoLC)00659133
=040  \\$aDLC$cDLC$dFUG
=050  0\$aQA3$b.L28 no. 319$aQA171
=050  0\$aQA3$b.L28 no. 319
=082  0\$a510/.8 s$a512/.2
=090  \\$aQA3$b.L4 no., 319
=099  \\$a510.08$aL471$ano.319
=111  2\$aConference on Group Theory,$cUniversity of Wisconsin-Parkside,$d1972.
=245  00$aConference on Group Theory, University of Wisconsin-Parkside, 1972;$b[processing]$cEdited by R. W. Gatterdam and K. W. Weston.
=260  \\$aBerlin,$aNew York,$bSpringer-Verlag,$c1973.
=300  \\$a188 p.$c26 cm.
=440  \0$aLecture notes in mathematics (Springer-Verlag)$v319$5FU
=490  0\$aLecture notes in mathematics. no.319$5FTaSU
=490  1\$aLecture notes in mathematics, 319$5FPeU$5FJUNF$5FMFIU$5FBoU$5FTS
=504  \\$aIncludes bibliographies.
=650  \0$aGroup theory$vCongresses.
=700  1\$aGatterdam, R. W.
=700  1\$aWeston, K. W.
=700  1\$aWeston, K. W.$q(Kenneth W.)
=700  1\$aWeston, K. W.,$eed.
=700  1\$aGatterdam, R. W.,$eed.
=710  1\$aUniversity of Wisconsin--Parkside.
=830  \0$aLecture notes in mathematics (Springer-Verlag)$v319.
=951  \\$102$aFAU01:000099434;$5FBoU
=951  \\$104$aFIU01:000086297;$5FMFIU
=951  \\$105$aFSU01:000134301;$5FTaSU
=951  \\$109$aNFU01:000085127;$5FJUNF
=951  \\$110$aSFU01:000145939;$5FTS
=951  \\$108$aUFU01:000051574;$5FU
=951  \\$111$aWFU01:000088458;$5FPeU

