=LDR  01168cam a2200301Ii 4500
=001  021802102
=005  20080813133420.0
=008  761211s1976\\\\dcu\\\\\\\\\\f000\0\eng\d
=020  \\$bpbk.
=035  \\$a(OCoLC)02613402
=040  \\$aGPO$cGPO$dOCLCQ$dFTU
=074  \\$a338-B
=086  \\$aD 103.43:11-1-4
=099  \\$aD 103.43:11-1-4
=110  1\$aUnited States.$bArmy.$bCorps of Engineers.
=245  10$aValue engineering benefits and the construction contractor.
=260  \\$aWashington :$bU.S. Dept. of Defense, Dept. of the Army, Corps of Engineers,$c1976.
=300  \\$a7 p. ;$c18 x 10 cm.
=490  1\$aPamphlet - U.S. Army Corps of Engineers ; EP 11-1-4$5FTS$5FU$5FBoU
=490  1\$aPamphlet - U.S. Army Corps of Engineers ;$vEP 11-1-4$5FOFT
=500  \\$aMONTHLY CATALOG NUMBER: gp 77001636$5FTS$5FBoU
=500  \\$aCover title.$5FTS$5FU$5FOFT$5FBoU
=500  \\$aItem 338-B.$5FOFT
=650  \0$aValue analysis (Cost control)
=810  1\$aUnited States.$bArmy.$bCorps of Engineers.$tPamphlet - U.S. Army Corps of Engineers ;$vEP 11-1-4.
=951  \\$107$aCFU01:001438388;$5FOFT
=951  \\$102$aFAU01:000455328;$5FBoU
=951  \\$108$aUFU01:001165963;$5FU

