=LDR  02216nam a2200529 a 4500
=001  021812623
=005  20080426161028.0
=008  761210s1977\\\\dcua\\\\\\\\\f001\0\engm\
=010  \\$a76030715
=020  \\$bpbk. :$c{dollar}8.25
=035  \\$a(OCoLC)02655447
=037  \\$a003-000-00678-1$bGPO
=040  \\$aDLC$cDLC$dOBE$dOCLCQ$dGPO$dMvI
=043  \\$an-us---
=050  00$aTL789.8.U6$bS5675
=074  \\$a0830-I
=074  \\$a0830-I (online)
=082  0\$a500.5
=086  0\$aNAS 1.21:401
=099  \\$aNAS 1.21:401
=100  1\$aSummerlin, Lee R.
=245  00$aSkylab, classroom in space /$cedited by Lee B. [i.e. R.] Summerlin ; prepared by George C. Marshall Space Flight Center.
=260  \\$aWashington, D.C. :$bScientific & Technical Information Office, National Aeronautics and Space Administration,$c1977.
=300  \\$avi, 182 p. :$bill. ;$c30 cm.
=440  \0$aNASA SP ;$v401$5FTS$5FOFT$5FMFIU$5FBoU$5FU
=490  0\$aNASA SP ;$v401$5FTaSU
=490  1\$aNASA SP ; 401$5FTS$5FJUNF
=500  \\$aNo longer available for sale by the Supt. of Docs., U.S. G.P.O.$5FTS$5FOFT$5FMFIU$5FBoU$5FU
=500  \\$aIncludes index.$5FTS$5FOFT$5FJUNF$5FMFIU$5FBoU$5FU
=500  \\$aIncludes index (p. 181-182).$5FTaSU
=530  \\$aAlso available via Internet from the NASA History Office web site. Address as of 6/5/06: http://history.nasa.gov/SP-401/sp401.htm; current access is available via PURL.$5FTS$5FOFT$5FMFIU$5FBoU$5FU
=610  20$aSkylab Program.
=700  1\$aSummerlin, Lee R.
=710  1\$aUnited States.$bNational Aeronautics and Space Administration.$bScientific and Technical Information Office.
=710  2\$aGeorge C. Marshall Space Flight Center.
=830  \0$aNASA SP (Series)$v401.
=830  \0$aNASA SP (Series) ;$v401.
=856  41$uhttp://purl.access.gpo.gov/GPO/LPS70419$5FTS$5FOFT$5FMFIU$5FBoU$5FU
=949  \\$aFTS$bSFTMP$cDOC$xCREATED 07/10/06
=098  98$aNAS1.$a21:$a401
=951  \\$107$aCFU01:000135881;$5FOFT
=951  \\$102$aFAU01:001252784;$5FBoU
=951  \\$104$aFIU01:000265473;$5FMFIU
=951  \\$105$aFSU01:001983018;$5FTaSU
=951  \\$109$aNFU01:000149199;$5FJUNF
=951  \\$110$aSFU01:000558889;$5FTS
=951  \\$108$aUFU01:001981412;$5FU

