=LDR  01508nam a2200433 a 4500
=001  021822939
=005  20090925111735.0
=008  840419s1984\\\\maua\\\\\b\\\\000\0\eng\\
=010  \\$a   84009704 
=020  \\$a026204076X :$c{dollar}7.50
=020  \\$a026204076X
=035  \\$a(OCoLC)11241164
=040  \\$aDLC$cDLC$dFWA
=050  0\$aHB141$b.D43 1984
=082  0\$a330/.0724$219
=090  \\$aHB141$b.D43
=100  1\$aDiamond, Peter A.
=245  12$aA search-equilibrium approach to the micro foundations of macroeconomics /$cPeter A. Diamond.
=260  \\$aCambridge, Mass. :$bMIT Press,$cc1984.
=300  \\$a74 p. :$bill. ;$c23 cm.
=440  \4$aThe Wicksell lectures ;$v1982$5FTaSU$5FTaFA$5FOFT$5FMFIU$5FTS
=490  0\$aThe Wicksell lectures ; 1982$5FBoU
=490  0\$aThe Wicksell lectures ;$v1982$5FPeU
=504  \\$aBibliography: p. [65]-71.
=650  \0$aEconomics$xMathematical models.
=650  \0$aEquilibrium (Economics)
=650  \0$aSearch theory.
=650  \0$aMacroeconomics$xMathematical models.
=650  \0$aMicroeconomics$xMathematical models.
=740  0\$aMicro foundations of macroeconomics.
=830  \4$aThe Wicksell lectures ;$v1982
=951  \\$101$aAMU01:000149219;$5FTaFA
=951  \\$107$aCFU01:000241863;$5FOFT
=951  \\$102$aFAU01:000242438;$5FBoU
=951  \\$104$aFIU01:000364386;$5FMFIU
=951  \\$105$aFSU01:000535391;$5FTaSU
=951  \\$109$aNFU01:000224011;$5FJUNF
=951  \\$110$aSFU01:000469229;$5FTS
=951  \\$111$aWFU01:000217448;$5FPeU

