=LDR  01722cam a22004575  4500
=001  021835740
=005  20120214115910.0
=008  730531s1974\\\\nyua\\\j\\\\\\000\0beng\\
=010  \\$a   73009521 /AC
=020  \\$a0690002149$a0690002157 (lib. bdg.)
=035  \9$a(OCoLC)00650685
=040  \\$aDLC$cDLC$dFNP
=050  0\$aPS3519.O2625$bZ65
=082  0\$a818/.5/209$aB$a92
=090  \\$aYPS3519.O2625$bZ65
=092  \\$a92$bJ635e
=100  1\$aEgypt, Ophelia Settle.
=245  10$aJames Weldon Johnson.$cIllustrated by Moneta Barnett.
=260  \\$aNew York,$bCrowell$c[1974]
=300  \\$a40 p.$billus. (part col.)$c24 cm.
=490  0\$aA Crowell biography$5FTaFA$5FPeU$5FTS$5FU
=490  1\$aCrowell biography$5FJUNF
=500  \\$aDonated from the Collection of Thomas and Georgine Mickler$5FU
=520  \\$aBrief biography of the turn-of-the-century black author, educator, lawyer, and diplomat who started the first Negro daily newspaper in the United States.
=521  \\$aappr. for PKY
=590  \\$aC.2 book jacket.$5FJUNF
=600  10$aJohnson, James Weldon,$d1871-1938$xJuvenile literature.
=600  11$aJohnson, James Weldon,$d1871-1938.
=650  \0$aAfrican Americans$xBiography$vJuvenile literature.
=650  \0$aAfrican Americans$xBiography.
=650  \1$aAfro-Americans$xBiography.
=650  \1$aAuthors, American.
=700  1\$aBarnett, Moneta.
=700  1\$aBarnett, Moneta,$eillus.
=710  2\$aThomas and Georgine Mickler Collection$5FU
=830  \0$aCrowell biographies.
=951  \\$101$aAMU01:000064725;$5FTaFA
=951  \\$109$aNFU01:000084518;$5FJUNF
=951  \\$110$aSFU01:000389308;$5FTS
=951  \\$108$aUFU01:001825674;$5FU
=951  \\$111$aWFU01:000088000;$5FPeU

