=LDR  01418cam a2200397ca 4500
=001  021844893
=005  20120623081700.0
=008  020129s2002\\\\njua\\\\\\\\\\001\0\eng\\
=010  \\$a  2002020628
=015  \\$aGBA2-49744
=020  \\$a0130353310
=035  \\$a(OCoLC)48958202
=035  \\$a(AcBC)A01889780
=040  \\$aDLC$cDLC$dNhCcYBP$dNhCcYBP
=042  \\$apcc
=050  00$aHD58.7$b.B372 2002
=082  00$a658$221
=100  1\$aBasch, Michael D.
=245  10$aCustomer culture :$bhow FedEx and other great companies put the customer first every day /$cMichael D. Basch.
=260  \\$aUpper Saddle River, NJ :$bFinancial Times/Prentice Hall,$cc2002.
=300  \\$axxv, 274 p. :$bill. ;$c24 cm.
=490  0\$aFinancial Times Prentice Hall books$5FBoU
=490  1\$aFinancial Times Prentice Hall$5FMFIU$5FJUNF$5FFmFGC$5FOFT
=500  \\$aIncludes index.$5FMFIU$5FJUNF$5FFmFGC$5FBoU$5FOFT
=650  \0$aOrganizational effectiveness$vCase studies.
=650  \0$aCorporate culture$vCase studies.
=650  \0$aCustomer loyalty.
=650  \0$aQuality of work life.
=650  \0$aOrganizational effectiveness.
=650  \0$aCorporate culture.
=830  \0$aFinancial Times Prentice Hall books.
=951  \\$107$aCFU01:000986897;$5FOFT
=951  \\$102$aFAU01:000971222;$5FBoU
=951  \\$104$aFIU01:001035439;$5FMFIU
=951  \\$103$aGCU01:000247296;$5FFmFGC
=951  \\$109$aNFU01:000570708;$5FJUNF

