=LDR  01855cam a2200397Ka 4500
=001  021853128
=005  20110228133346.0
=008  100113s1958\\\\wauaf\\\\bt\\f000\0\eng\d
=035  \\$a(OCoLC)497898285
=040  \\$aHWSER$cHWSER$dFUG
=086  0\$aY 3.At 7:22/HW-54364
=100  1\$aKemper, R. S.
=245  10$aMechanical properties of aluminum alloy M-388 :$beffect of fabrication variables /$cR.S. Kemper, K.F. Powell.
=260  \\$aRichland, Wash. :$bU.S. Atomic Energy Commission,$c1958.
=300  \\$a30 p. :$bill. ;$c28 cm.
=490  1\$aHW (Series) ;$v54364$5FU
=490  1\$aAEC research and development report.$5FU
=504  \\$aIncludes bibliographical references (p. 13).$b4
=506  \\$aUnclassified.$5FU
=536  \\$aWork Performed by Hanford Atomic Products Operation of the General Electric Company for the Atomic Energy Commission$bContract No. W-31-109-Eng-52
=650  \0$aAluminum alloys$xMechanical properties.
=650  \0$aNuclear reactors$xMaterials$xTesting.
=650  \0$aAluminum alloys$xMetallurgy.
=650  \0$aAluminum alloys$xTesting.
=700  1\$aPowell, K. F.
=710  2\$aHanford Atomic Products Operation.
=710  2\$aHanford Works.
=710  2\$aU.S. Atomic Energy Commission.
=710  1\$aUnited States.$bEnergy Research and Development Administration.
=710  2\$aCenter for Materials Science (National Measurement Laboratory).$bFracture and Deformation Division.
=710  1\$aUnited States.$bDepartment of Energy.$bOffice of Fusion Energy
=710  1\$aUnited States.$bNational Bureau of Standards.
=776  08$iOnline version:$aKemper, R. S.$tMechanical properties of aluminum alloy M-388.$dRichland, Wash. : U.S. Atomic Energy Commission, 1958$w(OCoLC)646024738
=830  \0$aHW (Series) ;$v54364.
=830  \0$aAEC research and development report.
=951  \\$108$aUFU01:005060491;$5FU

