=LDR  03517cam a2200565Ia 4500
=001  021860898
=005  20130326153316.0
=006  m\\\\\\\\d\\\\\\\\
=007  cr\cn|
=008  100323s2010\\\\gw\a\\\\sb\\\\001\0\eng\d
=019  \\$a551962761$a646877887
=020  \\$z9783642018497
=020  \\$a3642018505
=020  \\$a9783642018503
=035  \\$a(OCoLC)567359173
=037  \\$a978-3-642-01849-7$bSpringer$nhttp://www.springerlink.com
=040  \\$aGW5XE$beng$cGW5XE$dIXA$dCOO$dOCLCQ$dUAB$dMND$dE7B$dSPLNP
=050  14$aQC793.3.Q35$bG277 2010
=050  14$aQC1$b.L42 788
=082  04$a530.14$222
=082  04$a539.7548$222
=100  1\$aGattringer, C.$q(Christof)
=245  10$aQuantum chromodynamics on the lattice$h[electronic resource] :$ban introductory presentation /$cC. Gattringer, C.B. Lang.
=260  \\$aBerlin ;$aHeidelberg :$bSpringer,$cc2010.
=300  \\$a1 online resource (xv, 343 p.) :$bill.
=490  1\$aLecture notes in physics ;$v788$5FTS$5FU
=490  1\$aLecture notes in physics,$x1616-6361 ;$v788$5FOFT
=504  \\$aIncludes bibliographical references and index.
=505  0\$a1. The path integral on the lattice -- 2. QCD on the lattice -- a first look -- 3. Pure gauge theory on the lattice -- 4. Numerical simulation of pure gauge theory -- 5. Fermions on the lattice -- 6. Hadron spectroscopy -- 7. Chiral symmetry on the lattice -- 8. Dynamical fermions -- 9. Symanzik improvement and RG actions -- 10. More about lattice fermions -- 11. Hadron structure -- 12. Temperature and chemical potential.$5FOFT
=533  \\$aElectronic reproduction.$bNew York :$cSpringer,$d2010.$nMode of access: World Wide Web.$nSystem requirements: Web browser.$nTitle from title screen (viewed on Feb. 18, 2010).$nAccess may be restricted to users at subscribing institutions.$5FTS$5FU
=588  \\$aDescription based on print version record.
=650  \0$aLattice dynamics.
=650  \0$aQuantum chromodynamics.
=655  \7$aElectronic books.$2local
=655  \0$aElectronic books.
=700  1\$aLang, C. B.$q(Christian B.),$d1948-
=710  2\$aSpringerLink (Online service)
=776  08$iPrint version:$aGattringer, C. (Christof).$tQuantum chromodynamics on the lattice.$dBerlin ; Heidelberg : Springer, c2010$z9783642018497$z3642018491$w(DLC) 2009934009$w(OCoLC)474757752
=776  1\$cOriginal$z9783642018497$z3642018491$w(DLC) 2009934009$w(OCoLC)474757752
=830  \0$aLecture notes in physics ;$v788.
=830  \0$aLecture notes in physics ;$v788.$x0075-8450
=856  40$3SpringerLink$uhttp://dx.doi.org/10.1007/978-3-642-01850-3$zAn electronic book accessible through the World Wide Web; click for information$5FU
=856  40$xSpringerLink$uhttp://ezproxy.lib.usf.edu/login?url=http://dx.doi.org/10.1007/978-3-642-01850-3$xAn electronic book accessible through the World Wide Web; click for information$yUSF ONLINE ACCESS$5FTS
=856  40$yUCF: Click here for ONLINE ACCESS$uhttps://login.ezproxy.net.ucf.edu/login?url=http://dx.doi.org/10.1007/978-3-642-01850-3$5FOFT$zSpringerLink
=856  42$yWeb companion$uhttp://physik.uni-graz.at/qcdlatt$5FOFT$zSpringerLink
=856  40$3SpringerLink$uhttp://ezproxy.fiu.edu/login?url=http://dx.doi.org/10.1007/978-3-642-01850-3$yFIU users: view content here$5FMFIU
=949  \\$aFTS$bSFERS$cBOOK$xPROCESSED 20100418 SpringerLink$hQC793.3.Q35 (ONLINE:SpringerLink)$b(ONLINE:SpringerLink)
=951  \\$107$aCFU01:001888284;$5FOFT
=951  \\$110$aSFU01:002068893;$5FTS
=951  \\$108$aUFU01:005086450;$5FU

