=LDR  01778cam a2200349 i 4500
=001  021870843
=005  20100122154454.0
=008  770505s1976\\\\dcua\\\\\\\\\f000|0\eng\d
=020  \\$bpbk.
=035  \\$a(OCoLC)02942421
=040  \\$cGPO
=043  \\$an-us---
=074  \\$a431-I-62
=086  \\$aEP 1.23/8:600/7-77-003
=099  \\$aEP 1.23/8:600/7-77-003
=110  1\$aUnited States.$bEnvironmental Protection Agency.$bOffice of Research and Development.
=245  10$aFiscal year 1976 control technology research program abstracts.
=260  \\$aWashington :$bEnvironmental Protection Agency, Office of Research and Development, Office of Energy, Minerals and Industry ;$aSpringfield, Va. :$bfor sale by the National Tecnhical Information Service,$c1976.
=300  \\$axxxix, 261 p. ;$c28 cm.
=490  1\$aInteragency energy-environment research and development program report ; EPA-600/7-77-003$5FTS$5FU$5FOFT
=490  1\$aInteragency energy-environment research and development program report ;$vEPA-600/7-77-003$5FMFIU
=500  \\$aMONTHLY CATALOG NUMBER: gp 77010635$5FTS$5FMFIU
=500  \\$a"This volume is one of two works".$5FTS$5FU$5FMFIU$5FOFT
=500  \\$aMonthly Catalog Number: gp 7010635$5FOFT
=610  10$aUnited States.$bEnvironmental Protection Agency.
=650  \0$aEnvironmental engineering$xAbstracts.
=810  1\$aUnited States.$bEnvironmental Protection Agency.$tInteragency energy-environment research and development program report ;$vEPA-600/7-77-003.
=830  \0$aResearch reporting series.$n7,$pInteragency energy-environment research and development ;$vEPA-600/7-77-003.
=951  \\$107$aCFU01:000463048;$5FOFT
=951  \\$104$aFIU01:000266878;$5FMFIU
=951  \\$110$aSFU01:000560656;$5FTS
=951  \\$108$aUFU01:001171837;$5FU

