=LDR  01203pam a2200337 a 4500
=001  021881373
=005  20120623045900.0
=008  880628s1989\\\\nyua\\\\\\\\\\001|0\eng\\
=010  \\$a   88022654 
=020  \\$a0824780108
=035  \\$a(OCoLC)18255058
=040  \\$aDLC$cDLC$dFTU
=043  \\$an-us---
=050  0\$aKF3114.8.E54$bW48 1989
=082  0\$a346.7304/86$a347.306486$219
=245  00$aWhat every engineer should know about patents /$cWilliam G. Konold ... [et al.].
=250  \\$a2nd ed.
=260  \\$aNew York :$bM. Dekker,$cc1989.
=300  \\$avii, 183 p. :$bill. ;$c24 cm.
=490  0\$aWhat every engineer should know ;$vv. 24$5FU
=490  1\$aWhat every engineer should know ;$vvol. 24$5FOFT$5FTaSU
=500  \\$aIncludes index.$5FOFT$5FU$5FTaSU
=650  \0$aPatent laws and legislation$zUnited States.
=650  \0$aIntellectual property$zUnited States.
=650  \0$aEngineers$zUnited States$vHandbooks, manuals, etc.
=650  \0$aEngineers$zUnited States.
=700  1\$aKonold, William G.,$d1926-
=830  \0$aWhat every engineer should know ;$vv. 24.
=951  \\$107$aCFU01:000537803;$5FOFT
=951  \\$105$aFSU01:001283614;$5FTaSU
=951  \\$108$aUFU01:001065999;$5FU

