=LDR  01935cam a2200421 a 4500
=001  021891337
=005  20120623080900.0
=008  820603s1982\\\\nyua\\\\\b\\\\100\0\eng\\
=010  \\$a   82008264 //r842
=020  \\$a0866980512 :$c{dollar}18.00
=020  \\$a0866980512
=035  \\$a(OCoLC)08552981
=040  \\$aDLC$cDLC$dFHC
=050  0\$aBD581$b.S714 1976
=082  0\$a113/.09/02$219
=110  2\$aState University of New York at Binghamton.$bCenter for Medieval and Early Renaissance Studies.$bConference$n(10th :$d1976 :$cState University of New York at Binghamton)
=245  10$aApproaches to nature in the Middle Ages :$bpapers of the Tenth Annual Conference of the Center for Medieval & Early Renaissance Studies /$cedited by Lawrence D. Roberts.
=260  \\$aBinghamton, N.Y. :$bCenter for Medieval & Early Renaissance Studies,$c1982.
=300  \\$axiii, 220 p. :$bill. ;$c25 cm.
=440  \0$aMedieval & Renaissance Texts & Studies (Series) ;$vv. 16$5FTS
=490  1\$aMedieval & Renaissance texts & studies ;$vv. 16$5FOFT$5FJUNF$5FU$5FTaSU
=490  1\$aMedieval & Renaissance Texts & Studies (Series) ;$vv. 16$5FSsNC
=504  \\$aIncludes bibliographical references.
=650  \0$aPhilosophy of nature$xHistory$xCongresses.
=650  \0$aNature in literature$xCongresses.
=650  \0$aNature (Aesthetics)$xHistory$xCongresses.
=650  \0$aAesthetics, Medieval$vCongresses.
=650  \6$aPhilosophie de la nature$xHistoire$vCongrès.
=650  \6$aNature dans la littérature$vCongrès.
=650  \6$aNature (Esthétique)$xHistoire$xCongrès.
=700  1\$aRoberts, Lawrence D.,$d1937-
=830  \0$aMedieval & Renaissance Texts & Studies (Series) ;$vv. 16.
=951  \\$107$aCFU01:001148572;$5FOFT
=951  \\$105$aFSU01:000489502;$5FTaSU
=951  \\$106$aNCU01:000060231;$5FSsNC
=951  \\$109$aNFU01:000208899;$5FJUNF
=951  \\$110$aSFU01:000440808;$5FTS
=951  \\$108$aUFU01:000374227;$5FU

