=LDR  01401cam a2200361I  4500
=001  021900218
=005  20070122142714.0
=008  730209s1934\\\\dcua\\\\\b\\\\001|0\eng\\
=010  \\$a   35003087 
=035  \\$a(OCoLC)00556164
=040  \\$aDLC$cKSU$dSER
=050  0\$aZ6033.P2$bB3
=082  0\$a016.56533
=090  \\$aQE1$b.G29s no.1
=099  \\$aQE$a1$aG29s$ano.1
=100  1\$aBassler, Ray S.$q(Ray Smith),$d1878-
=245  10$aBibliographic index of Paleozoic Ostracoda,$cby R.S. Bassler and Betty Kellett.
=260  \\$a[Washington, D.C.]$bThe Society,$c1934.
=300  \\$axiii, 500 p.$billus.$c25 cm.
=440  \0$aSpecial papers (Geological Society of America),$v1$5FPeU
=490  0\$aGeological Society of America. Special papers, no. 1$5FTaSU
=490  1\$aSpecial papers ;$v1$5FTS
=500  \\$aErrata sheet inserted.$5FPeU
=505  0\$aGeneral considerations.--Classification and diagnosis.--Faunal lists.--Bibliography--Catalogue of genera and species.$5FTaSU$5FTS
=650  \0$aPaleontology$yPaleozoic$xBibliography.
=650  \0$aOstracoda, Fossil$xBibliography.
=700  1\$aKellett, Betty,$ejoint author.
=700  1\$aKellett, Betty.
=710  2\$aGeological Society of America.
=830  \0$aSpecial papers (Geological Society of America) ;$v1.
=951  \\$105$aFSU01:000606868;$5FTaSU
=951  \\$110$aSFU01:001211380;$5FTS
=951  \\$111$aWFU01:000080485;$5FPeU

