=LDR  01614cam a2200433Ia 4500
=001  021911166
=005  20100623123725.0
=008  900131s1988\\\\fluab\\\\b\\\\000|0\eng\d
=035  \\$a(OCoLC)20978642
=040  \\$aORL$cORL$dSMI$dFGM
=086  \\$aSS .F2: G55$2fldocs
=090  \\$aF313$b.F56 no.4
=090  \\$aF306$b.F53 no.4 1988
=092  \\$aR 737.4$bCra
=099  \\$aF910.45$aC886g
=100  1\$aCraig, Alan K.
=245  10$aGold coins of the 1715 Spanish Plate Fleet :$ba numismatic study of the State of Florida collection /$cAlan K. Craig with an appendix by Frances Keith .
=260  \\$aTallahassee, FL :$bFlorida Bureau of Archaeological Research,$cc1988.
=300  \\$a83 p. :$bill. (some col.), map ;$c26 cm.
=440  \0$aFlorida Archaeology ;$vNo. 4$5FU
=490  0\$aFlorida archaeology,$x0888-4277 ;$vno. 4$5FBoU
=490  1\$aFlorida archaeology ;$vno. 4, 1988$5FTS$5FTaSU$5FJUNF
=500  \\$aSelected bibliography pp. 77-83.$5FJUNF
=500  \\$aBibliography: p. [77]-83.$5FTS$5FU
=500  \\$aGlossary pp. 75-76.$5FTaSU$5FJUNF
=500  \\$aGlossary : p. 75-76.$5FBoU
=504  \\$aIncludes bibliographical references (p. [77]-83).
=650  \0$aGold coins.
=650  \0$aTreasure troves$zFlorida.
=650  \0$aCoins, Spanish.
=650  \0$aDoubloons.
=710  2\$aFloridiana Collection.$5FTS
=830  \0$aFlorida archaeology ;$vno. 4.
=098  97$aSS.F3:A62/4
=951  \\$102$aFAU01:001819255;$5FBoU
=951  \\$105$aFSU01:001084454;$5FTaSU
=951  \\$109$aNFU01:000338163;$5FJUNF
=951  \\$110$aSFU01:001052563;$5FTS
=951  \\$108$aUFU01:001485959;$5FU

