=LDR  01559nam a22003738a 4500
=001  021920850
=005  20120623070100.0
=008  891204s1990\\\\nyua\\\\\b\\\\001|0\eng\\
=010  \\$a   89077144 
=015  \\$aGB91-18950
=020  \\$a047161856X
=035  \\$a(OCoLC)20825080
=040  \\$aDLC$cDLC
=050  00$aQA273.67$b.B86 1990
=082  00$a519.2$220
=100  1\$aBucklew, James A.
=245  10$aLarge deviation techniques in decision, simulation, and estimation /$cJames A. Bucklew.
=260  \\$aNew York :$bWiley,$cc1990.
=300  \\$axiv, 270 p. :$bill. ;$c25 cm.
=440  \0$aWiley series in probability and mathematical statistics.$pApplied probability and statistics$5FTS$5FOFT
=490  0\$aWiley series in probability and mathematical statistics. Applied probability and statistics$5FPeU$5FBoU
=490  1\$aWiley series in probability and mathematical statistics. Applied probability and statistics section$5FU$5FTaSU
=500  \\$a"A Wiley-Interscience publication."$5FU$5FTaSU$5FTS$5FPeU$5FBoU$5FOFT
=504  \\$aIncludes bibliographical references (p. 261-266) and index.
=650  \0$aLarge deviations.
=650  \7$aGrandes déviations.$2ram
=653  \\$aProbabilities
=830  \0$aWiley series in probability and mathematical statistics.$pApplied probability and statistics
=951  \\$107$aCFU01:000424451;$5FOFT
=951  \\$102$aFAU01:000389935;$5FBoU
=951  \\$105$aFSU01:001075571;$5FTaSU
=951  \\$110$aSFU01:000784745;$5FTS
=951  \\$108$aUFU01:001542442;$5FU
=951  \\$111$aWFU01:000335848;$5FPeU

