=LDR  01478nam a2200385   4500
=001  021932395
=005  20090327120506.0
=008  730302s1972\\\\cau\\\\\\bs\\\000|0\eng\\
=010  \\$a   72089158 
=020  \\$a0803901836
=035  \\$a(OCoLC)00590916
=040  \\$aDLC$cDLC$dFTU
=043  \\$ad------
=050  0\$aHC60$b.W57
=082  0\$a338.91
=090  \\$aHC60$b.W57
=092  \\$a327.08$bS129, v.1, no.02-, 005
=099  \\$aJX$a1395$a.S241$a02-005
=100  1\$aWittkopf, Eugene R.,$d1943-
=245  10$aWestern bilateral aid allocations;$ba comparative study of recipient state attributes and aid received$c[by] Eugene R. Wittkopf.
=260  \\$aBeverly Hills,$bSage Publications$c[c1972]
=300  \\$a62 p.$c22 cm.
=490  1\$aSage professional papers in international studies series, ser. no. 02-005$5FOFT$5FBoU$5FTS$5FMFIU
=490  1\$aSage professional papers in international studies ser. no. 02-005, v. 1$5FU
=504  \\$aBibliography: p. 58-62.
=650  \0$aEconomic assistance.
=650  \0$aEconomic assistance$zDeveloping countries.
=651  \0$aDeveloping countries.
=830  \0$aSage professional papers in international studies ;$vser. no. 02-005.
=830  \0$aSage professional papers in international studies,$vno. 02-005, v. 1
=951  \\$107$aCFU01:000069954;$5FOFT
=951  \\$102$aFAU01:000093336;$5FBoU
=951  \\$104$aFIU01:000452152;$5FMFIU
=951  \\$110$aSFU01:000136604;$5FTS
=951  \\$108$aUFU01:000299452;$5FU

