=LDR  01585nam a22003858a 4500
=001  021941796
=005  20120623075600.0
=008  840913s1986\\\\nyu\\\\\\b\\\\001|0\eng\\
=010  \\$a   84020681 
=020  \\$a019710035X :$c{dollar}59.95
=035  \\$a(OCoLC)11211203
=040  \\$aDLC$cDLC$dFUG
=041  1\$aengfre
=050  0\$aBM535$b.S51813 1986
=082  0\$a261.2/6/09015$219
=100  1\$aSimon, Marcel,$d1907-
=240  10$aVerus Israel.$lEnglish
=245  10$aVerus Israel :$ba study of the relations between Christians and Jews in the Roman Empire (135)-425) /$cMarcel Simon ; translated from the French, H. McKeating.
=260  \\$aNew York :$bPublished for the Littman Library by Oxford University Press,$c1986.
=300  \\$axviii, 533 p. ;$c25 cm.
=440  \4$aThe Littman Library of Jewish civilization (series)$5FPeU
=490  1\$aThe Littman Library of Jewish civilization$5FU$5FTaSU
=490  1\$aLittman Library of Jewish civilization$5FTS
=500  \\$aTranslation of: Verus Israel.$5FU$5FPeU$5FTaSU$5FTS
=500  \\$aIncludes index.$5FU$5FPeU$5FTaSU$5FTS
=504  \\$aBibliography: p. [419]-432.
=650  \0$aChristianity and other religions$xJudaism.
=650  \0$aJudaism$xRelations$xChristianity.
=650  \0$aChurch history$yPrimitive and early church, ca. 30-600.
=650  \0$aJudaism$xHistory$yTalmudic period, 10-425.
=830  \0$aLittman library of Jewish civilization (Series)
=951  \\$105$aFSU01:000743045;$5FTaSU
=951  \\$110$aSFU01:000487161;$5FTS
=951  \\$108$aUFU01:000556003;$5FU
=951  \\$111$aWFU01:000256820;$5FPeU

