=LDR  02108nam a2200409Ka 4500
=001  021951031
=005  20110213171508.0
=006  m\\\\\\\\d\f\\\\\\
=008  061215s2006\\\\mdu\\\\\s\\\\f000\0\spa\d
=035  \\$a(OCoLC)77008160
=040  \\$aGPO$cGPO$dMvI
=074  \\$a0507-R-04 (online)
=086  0\$aHE20.7265:EV1/SPAN. elec. ver.
=086  0\$aHE 20.7265:EV 1/SPAN.
=130  0\$a10 things to know about evaluating medical resources on the Web.$lSpanish.
=245  10$aDiez aspectos que debe conocer al evaluar los recursos médicos en Internet$h[electronic resource].
=260  \\$a[Bethesda, Md. :$bNational Center for Complementary and Alternative Medicine,$c[2006].
=300  \\$a[3] p. :$bdigital, PDF file.
=490  0\$aCAMbasics$5FU$5FPeU$5FTaFA$5FOFT$5FBoU$5FTaSU$5FMFIU
=490  1\$a[NCCAM publication] ;$vD317$5FU$5FPeU$5FJUNF$5FTaFA$5FOFT$5FBoU$5FTaSU$5FMFIU
=500  \\$aTitle from title screen (viewed on Dec. 15, 2006).$5FU$5FPeU$5FJUNF$5FTaFA$5FOFT$5FBoU$5FTaSU$5FMFIU
=500  \\$a"Traducción: mayo 2006"--P. [3].$5FU$5FPeU$5FJUNF$5FTaFA$5FOFT$5FBoU$5FTaSU$5FMFIU
=538  \\$aMode of access: Internet from the NCCAM web site. Address as of 12/15/06: http://nccam.nih.gov/espanol/internet/Diez%5Faspectos.pdf; current access available via PURL.$5FU$5FPeU$5FTaFA$5FOFT$5FBoU$5FTaSU$5FMFIU
=538  \\$aMode of access: Internet from the NCCAM web site. Current access available via PURL.$5FJUNF
=650  \0$aMedicine$xComputer network resources$xEvaluation.
=710  2\$aNational Center for Complementary and Alternative Medicine (U.S.)
=830  \0$aNCCAM publication ;$vno. D 317.
=856  40$uhttp://purl.access.gpo.gov/GPO/LPS76719$5FU$5FPeU$5FJUNF$5FTaFA$5FOFT$5FBoU$5FTaSU$5FMFIU
=098  98$aHE20.7265:EV1/SPAN. elec. ver.
=951  \\$101$aAMU01:001303669;$5FTaFA
=951  \\$107$aCFU01:001274066;$5FOFT
=951  \\$102$aFAU01:001305550;$5FBoU
=951  \\$104$aFIU01:001340106;$5FMFIU
=951  \\$105$aFSU01:002361371;$5FTaSU
=951  \\$109$aNFU01:000714998;$5FJUNF
=951  \\$108$aUFU01:003722295;$5FU
=951  \\$111$aWFU01:000698974;$5FPeU

