=LDR  01265pam a2200349 a 4500
=001  021960221
=005  20060801093803.0
=008  900430s1990\\\\nyu\\\\\\b\\\\001|0\eng\\
=010  \\$a   90003460 
=020  \\$a082478412X (alk. paper)
=035  \\$a(OCoLC)21523986
=040  \\$aDLC$cDLC
=050  00$aQA247$b.S572 1990
=082  00$a512/.74$220
=100  1\$aShell, Niel.
=245  10$aTopological fields and near valuations /$cNiel Shell.
=260  \\$aNew York :$bM. Dekker,$cc1990.
=300  \\$axiii, 233 p. ;$c24 cm.
=490  1\$aPure and applied mathematics ;$v135$5FOFT
=490  1\$aPure and applied mathematics ;$vv. 135$5FU$5FTaSU$5FTS$5FPeU$5FBoU
=500  \\$aIncludes index.$5FU$5FTaSU$5FTS$5FPeU$5FOFT
=504  \\$aIncludes bibliographical references (p. 211-226) and index.
=650  \0$aTopological fields.
=650  \0$aValuation theory.
=830  \0$aMonographs and textbooks in pure and applied mathematics ;$v135.
=830  \0$aPure and applied mathematics (Marcel Dekker, Inc.) ;$vv. 135.
=951  \\$107$aCFU01:000388414;$5FOFT
=951  \\$102$aFAU01:000377071;$5FBoU
=951  \\$105$aFSU01:001072060;$5FTaSU
=951  \\$110$aSFU01:000790504;$5FTS
=951  \\$108$aUFU01:001543561;$5FU
=951  \\$111$aWFU01:000332147;$5FPeU

