=LDR  01862pam a2200469 a 4500
=001  021968840
=005  20060109183211.0
=008  000508s2001\\\\nyuc\\\\\b\\\\001\0\eng\\
=010  \\$a00034937
=015  \\$aGBA1-34026
=020  \\$a0306464233
=035  \\$a(OCoLC)44090494
=040  \\$aDLC$cDLC$dNhCcYBP$dOrLoB-B
=043  \\$ae-ur---
=050  00$aBF109.V95$bR63 2001
=082  00$a150/.92$221
=100  1\$aRobbins, Dorothy,$d1947-
=245  10$aVygotsky's psychology-philosophy :$ba metaphor for language theory and learning /$cDorothy Robbins.
=260  \\$aNew York :$bKluwer Academic/Plenum Publishers,$cc2001.
=300  \\$axiv, 144 p. :$bill. ;$c24 cm.
=440  \0$aCognition and language$5FTS$5FTaFA$5FMFIU
=490  0\$aCognition and language$5FBoU
=490  1\$aCognition and language : a series in psycholinguistics$5FU$5FOFT
=504  \\$aIncludes bibliographical references (p. 127-138) and index.
=600  10$aVygotskiĭ, L. S.$q(Lev Semenovich),$d1896-1934.
=650  \0$aPsychology$zSoviet Union$xHistory.
=830  \0$aCognition and language
=970  11$l1$tBackground Information on Vygotskian Theory and Vygotsky and Man$p1
=970  11$l2$tOverview of L. S. Vygotsky's Psychological-Philosophical Theory$p19
=970  11$l3$tTools - Psychological Tools - Internalization - Signs$p33
=970  11$l4$tChomskyan Linguistics and Vygotskian Semiotics$p81
=970  11$l5$tUniversal Grammar - SLA - Grammar from a Vygotskian Position$p115
=970  11$l6$tConclusion$p121
=970  01$tReferences$p127
=970  01$tIndex$p139
=951  \\$101$aAMU01:000454570;$5FTaFA
=951  \\$107$aCFU01:000933092;$5FOFT
=951  \\$102$aFAU01:000839860;$5FBoU
=951  \\$104$aFIU01:000954242;$5FMFIU
=951  \\$109$aNFU01:000538152;$5FJUNF
=951  \\$110$aSFU01:001312790;$5FTS
=951  \\$108$aUFU01:002731714;$5FU

