=LDR  03073nam a22006371a 4500
=001  022001392
=005  20060912221941.0
=007  he\bmb020baca
=008  920805r19831983dcuab\\\b\\\\f000\0\eng\d
=010  \\$a83602776
=020  \\$c{dollar}6.50
=020  \\$c{dollar}6.00 (pt. 2)
=035  \\$a(OCoLC)09922268
=035  \\$aocl09922268
=035  \\$agp 84013943
=040  \\$aDGPO/DLC$cDLC$dGPO$dMvI-ocm$dCongressional Information Service
=043  \\$an-us---
=050  \\$aKF26$b.J8 1983
=050  \4$aKF49
=074  \\$a1042-B (microfiche)
=074  \\$a1042-A, 1042-B (microfiche)
=082  0\$a364.1/06/073$219
=086  0\$aY 4.J 89/2:S.hrg.98-184
=086  0\$aY 4.J 89/2:S.hrg.98-184/pt.2
=099  \\$aCIS Microfiche: see note in record
=099  \\$aMicrofiche
=099  \\$aY 4.J 89/2:S.hrg.98-184
=110  1\$aUnited States.$bCongress.$bSenate.$bCommittee on the Judiciary.
=245  10$aOrganized crime in America$h[microform] :$bhearings before the Committee on the Judiciary, United States Senate, Ninety-eighth Congress, first session, on organized crime in America.
=260  \\$aWashington :$bU.S. G.P.O.,$c1983-.
=300  \\$av. <1-2 > :$bill., maps ;$c24 cm.
=490  0\$aS. hrg. ;$v98-184$5FPeU$5FMFIU$5FTaFA$5FOFT$5FTS$5FU
=490  1\$aS. hrg. ;$v98-184/pt. 2$5FPeU$5FMFIU$5FTaFA$5FTS$5FU
=500  \\$aReuse of record except for individual research requires license from Congressional Information Service, Inc.$5FMFIU
=500  \\$aCIS Microfiche Accession Numbers: CIS 83 S521-62 (pt. 1), CIS 84 S521-14 (pt. 2)$5FMFIU$5FTaFA
=500  \\$a"January 27, February 16, March 2 and 3, 1983"--Pt. 1.$5FMFIU$5FTaFA$5FOFT
=500  \\$aReuse of record except for individual research requires license from LexisNexis Academic & Library Solutions.$5FTaFA
=500  \\$a"May 20 and July 11, 1983"--Pt. 2.$5FPeU$5FMFIU$5FTaFA$5FOFT$5FTS$5FU
=500  \\$a"Serial no. J-98-2."$5FPeU$5FMFIU$5FTaFA$5FOFT$5FTS$5FU
=500  \\$aItem 1042-A, 1042-B (microfiche)$5FOFT
=500  \\$aS/N 052-070-05864-1$5FOFT
=500  \\$aMonthly Catalog Number: gp 84013943$5FTS
=533  \\$aMicrofiche.$b[Bethesda, Md.] :$cCongressional Information Service,$d1983-.$e11 X 15 cm.$5FMFIU
=533  \\$aMicrofiche.$b[Bethesda, Md.] :$cLexisNexis Academic & Library Solutions,$d1983-.$e11 X 15 cm.$5FTaFA
=650  \0$aOrganized crime$zUnited States.
=810  1\$aUnited States.$bCongress$n(98th, 1st session :$d1983).$bSenate.$tS. hrg. ;$v98-184.
=810  1\$aUnited States.$bCongress.$bSenate.$tS. hrg.$v98-184/pt. 2.
=810  1\$aUnited States.$bCongress.$bSenate.$tS. hrg.$v98-184.
=810  1\$aUnited States.$bCongress$n(98th, 1st session :$d1983).$bSenate.$tS. hrg. ;$v98-184/pt. 2.
=810  1\$aUnited States.$bCongress$n(98th first session :$d1983).$bSenate.$tS. hrg. ;$v98-184.
=951  \\$101$aAMU01:000691990;$5FTaFA
=951  \\$107$aCFU01:000264524;$5FOFT
=951  \\$104$aFIU01:001067698;$5FMFIU
=951  \\$110$aSFU01:000799553;$5FTS
=951  \\$108$aUFU01:001281710;$5FU
=951  \\$111$aWFU01:000578128;$5FPeU

