=LDR  01524nam a2200373 a 4500
=001  022011861
=005  20091008134321.0
=008  881028s1988\\\\onc\\\\\\b\\\\001\0\eng\d
=010  \\$a88197226
=016  \\$a880940611
=020  \\$a0889209758
=020  \\$a9780889209756
=020  \\$a0889209758 :$c{dollar}14.95
=035  \\$a(OCoLC)18016478
=040  \\$aCaOTU$cDLC$dNLC$dNLGGC$dBAKER$dBTCTA$dYDXCP$dFDA
=042  \\$alccopycat
=050  04$aBS1199.S6$bL5 1988
=082  0\$a296.1/2067$219
=084  \\$a11.21$2bcl
=100  1\$aLightstone, Jack N.
=245  10$aSociety, the sacred, and scripture in ancient Judaism :$ba sociology of knowledge /$cJack N. Lightstone.
=260  \\$aWaterloo, Ont., Canada :$bPublished for the Canadian Corporation for Studies in Religion by Wilfrid Laurier University Press,$c1988.
=300  \\$axiii, 126 p. ;$c23 cm.
=490  1\$aStudies in Christianity and Judaism = Etudes sur le christianisme et le judaisme ;$v3$5FU
=490  1\$aStudies in Christianity and Judaism =$aEtudes sur le christianisme et le judaïsme ;$v3$5FTaSU
=500  \\$aIncludes index.$5FU
=504  \\$aIncludes bibliographical references (p. 107-120) and index.
=630  00$aBible.$pO.T.$pPentateuch$xHistory.
=650  \0$aJudaism$xHistory$yTalmudic period, 10-425.
=650  \0$aJudaism$xHistory$yTo 70 A.D.
=650  \0$aRabbinical literature$xHistory and criticism.
=830  \0$aStudies in Christianity and Judaism ;$v3
=951  \\$105$aFSU01:002585324;$5FTaSU
=951  \\$108$aUFU01:001545022;$5FU

