=LDR  01604cgm a2200445Mi 4500
=001  022020585
=005  20120209144107.0
=006  m\\\\\\\\c\\\\\\\\
=007  vz\|zazu|
=007  cr\|n|\\\||a|a
=008  080405s1996\\\\enk048\\\\\\\\o\\\vleng\d
=019  \\$a772457297
=035  \\$a(OCoLC)773797007
=040  \\$aALSTP$beng$cALSTP$dOCLCQ
=043  \\$an-us---$an-us-az
=090  \\$aGN378
=245  00$aSpending the kids' inheritance$h[electronic resource] /$cby Russell England and Richard Curson Smith.
=260  \\$aLondon, England :$bBritish Broadcasting Corp. (BBC),$c1996.
=300  \\$a1 online resource (48 min.)
=490  0\$aUnder the sun$5FTS
=490  1\$aEthnographic video online$5FTS
=500  \\$aPreviously released on DVD.$5FTS
=500  \\$aTitle from resource description page (viewed Nov. 3, 2011).$5FTS
=518  \\$aFilmed in Arizona, Nevada, and Mexico.$5FTS
=546  \\$aEnglish.
=650  \0$aOlder people$zUnited States.
=650  \0$aOlder people$xTravel$zUnited States.
=650  \0$aOlder people$xRecreation.
=650  \0$aRecreational vehicles.
=650  \0$aRecreational vehicle living.
=651  \0$aQuartzsite (Ariz.)
=655  \7$aDocumentary.$2lcgft
=655  \7$aInternet videos$2lcgft
=655  \7$aStreaming video$2lcsh
=655  \7$aOnline video$2local
=700  1\$aEngland, Russell.
=700  1\$aSmith, Richard Curson.
=830  \0$aEthnographic video online.
=856  40$3Alexander Street Press$uhttp://ezproxy.lib.usf.edu/login?url=http://www.aspresolver.com/aspresolver.asp?ANTH;1646976$5FTS
=951  \\$110$aSFU01:002560907;$5FTS

