=LDR  01287cam a2200289Ii 4500
=001  022029445
=005  20120622232100.0
=008  771024s19111905xx\\\\\\\\\\\\000|0\eng\d
=035  \\$a(OCoLC)03364637
=040  \\$aOCO$cOCO$dOCL$dFGA
=090  \\$aPT7277.E5$bL3 1911
=092  \\$a839.6$bS673h
=100  0\$aSnorri Sturluson,$d1179?-1241.
=245  04$aThe Heimskringla :$ba history of the Norse kings /$cby Snorre Sturlason ; done into English out of the Icelandic by Samuel Laing ; with rev. notes by Rasmus B. Anderson ...
=260  \\$aLondon ;$aNew York :$bNorrœna Society,$c1911 [c1905]
=300  \\$a3 v. (viii, 1070 p., [12] leaves of plates) :$bill. (some col.) ;$c24 cm.
=490  1\$aNorrœna embracing the history and romance of Northern Europe$5FFmFGC
=490  0\$aAnglo-Saxon Classics,$vv.7-9$5FFmFGC
=500  \\$aPrivately printed for members.$5FFmFGC
=500  \\$a"Of the Imperial edition there are but 350 complete sets made for the world, of which this is copy no. 213."$5FFmFGC
=651  \0$aNorway$xHistory.
=651  \0$aScandinavia$xHistory.
=651  \0$aIceland$xHistory.
=700  1\$aLaing, Samuel,$d1780-1868.
=700  1\$aAnderson, Rasmus Björn,$d1846-1936.
=830  \0$aNorrœna: Anglo-Saxon classics ;$vv.7-9.
=951  \\$103$aGCU01:000054221;$5FFmFGC

