=LDR  01597cam a2200397Ia 4500
=001  022041199
=005  20130801105400.0
=008  740530s1973\\\\dcuab\\\\\\\\f000|0\eng\d
=035  \\$a(OCoLC)00905071
=040  \\$aUDI$cUDI$dAGL$dIUL
=070  0\$a1$bAg84Ah no.460
=072  \\$aF110
=086  0\$aA 1.76:460
=090  \\$aS21$b.A725 no.460
=245  00$aPotatoes and sweetpotatoes :$busual dates for planting, harvesting, marketing.
=260  \\$aWashington, D.C. :$bStatistical Reporting Service, Crop Reporting Board, U.S. Dept. of Agriculture,$c1973.
=300  \\$a19 p. :$bill. ;$c26 cm.
=490  1\$aAgriculture handbook / United States Department of Agriculture ;$vno. 460$5FMFIU
=490  1\$aAgriculture handbook ;$vno. 460$5FJUNF
=500  \\$aCover title.$5FMFIU$5FJUNF
=650  \0$aSweet potatoes$xPlanting time$zUnited States.
=650  \0$aSweet potatoes$xHarvesting time$zUnited States.
=650  \0$aPotatoes$xPlanting time$zUnited States.
=650  \0$aPotatoes$xHarvesting time$zUnited States.
=650  \0$aSweet potatoes$xPlanting time.
=650  \0$aPotatoes$xPlanting time.
=650  \0$aSweet potatoes$xHarvesting.
=650  \0$aSweet potatoes$xMarketing.
=650  \0$aPotatoes$xMarketing.
=650  \0$aPotatoes$xHarvesting.
=710  1\$aUnited States.$bCrop Reporting Board.
=740  0\$aSweetpotatoes: usual dates for planting, harvesting, marketing.
=830  \0$aAgriculture handbook (United States. Department of Agriculture) ;$vno. 460.
=098  98$aA1.76:$a460
=951  \\$104$aFIU01:001038934;$5FMFIU
=951  \\$109$aNFU01:000102115;$5FJUNF

