=LDR  01754nam a22004938a 4500
=001  022052809
=005  20120223123550.0
=008  860103s1986\\\\njua\\\\\b\\\\001|0\eng\\
=010  \\$a   85031564 
=020  \\$a0893913022 :$c{dollar}32.50
=020  \\$a0893913030 (pbk.)
=020  \\$a0893913022
=035  \\$a(OCoLC)13064592
=035  \\$a(AcBC)F00711457
=040  \\$aDLC$cDLC$dFHM
=050  0\$aLB1573$b.L28 1986
=082  0\$a372.4$219
=100  1\$aLanger, Judith A.
=245  10$aChildren reading and writing :$bstructures and strategies /$cJudith A. Langer.
=260  \\$aNorwood, NJ :$bAblex Pub. Corp.,$c1986.
=300  \\$aviii, 193 p. :$bill. ;$c24 cm.
=440  \0$aWriting research (Norwood, N.J.)$5FMFIU
=490  1\$aWriting research$5FSsNC$5FU$5FFmFGC$5FTaFA$5FJUNF$5FTaSU$5FTS
=490  1\$aAdvances in writing research$5FPeU$5FBoU$5FOFT
=500  \\$aIncludes indexes.$5FU$5FFmFGC$5FTaFA$5FPeU$5FJUNF$5FBoU$5FMFIU$5FOFT$5FTaSU$5FTS
=500  \\$aIncludes index.$5FSsNC
=504  \\$aBibliography: p. 180-185.
=650  \0$aReading.
=650  \0$aEnglish language$xComposition and exercises.
=650  \0$aCognition in children.
=650  \0$aChildren$xWriting.
=830  \0$aPerspectives in writing research.
=830  \0$aWriting research (Norwood, N.J.)
=951  \\$101$aAMU01:000183307;$5FTaFA
=951  \\$107$aCFU01:000265220;$5FOFT
=951  \\$102$aFAU01:000250788;$5FBoU
=951  \\$104$aFIU01:000252297;$5FMFIU
=951  \\$105$aFSU01:000773213;$5FTaSU
=951  \\$103$aGCU01:000089696;$5FFmFGC
=951  \\$106$aNCU01:000065856;$5FSsNC
=951  \\$109$aNFU01:000243033;$5FJUNF
=951  \\$110$aSFU01:000490762;$5FTS
=951  \\$108$aUFU01:000572742;$5FU
=951  \\$111$aWFU01:000242009;$5FPeU

