=LDR  01680cam a2200445   4500
=001  022063473
=005  20120623062200.0
=008  731205s1973\\\\azu\\\\\\bs\\s000\0\eng\\
=010  \\$a   73078726 //r74
=020  \\$a0816504113 :$c{dollar}1.50
=020  \\$a0816504113
=035  \9$a(OCoLC)00790476
=040  \\$aDLC$cDLC$dFCM
=043  \\$as-cl---
=050  0\$aJL2694$b.F7 1973
=050  0\$aJL2694$b.F7
=082  0\$a329/.023/83064
=090  \\$aJL2694$b.F7
=090  \\$aJF11$b.A7 no. 4
=092  \\$a342.08$bA719c no.4
=100  1\$aFrancis, Michael J.
=245  14$aThe Allende victory :$ban analysis of the 1970 Chilean presidential election /$cMichael J. Francis.
=260  \\$aTucson, Ariz. :$bUniversity of Arizona Press,$cc1973.
=300  \\$a76 p. ;$c23 cm.
=490  0\$aComparative government studies, no. 4$5FTaSU
=490  1\$aThe Institute of Government Research. Comparative government studies, no. 4$5FTaFA$5FMFIU$5FJUNF$5FBoU$5FU
=504  \\$aIncludes bibliographical references.
=600  10$aAllende Gossens, Salvador,$d1908-1973.
=650  \0$aPresidents$zChile$xElection.
=651  \0$aChile$xPresidents$xElection.
=651  \0$aChile$xPolitics and government$y1970-
=651  \0$aChile$xPolitics and government$y1970-1973.
=810  1\$aUniversity of Arizona.$bInstitute of Government Research.$tComparative government studies,$vno. 4.
=830  \0$aComparative government studies ;$vno. 4
=951  \\$101$aAMU01:000071869;$5FTaFA
=951  \\$102$aFAU01:000109778;$5FBoU
=951  \\$104$aFIU01:000094548;$5FMFIU
=951  \\$105$aFSU01:000151525;$5FTaSU
=951  \\$109$aNFU01:000095052;$5FJUNF
=951  \\$108$aUFU01:000837546;$5FU

