=LDR  02864nam a22006011a 4500
=001  022073256
=005  20061025205405.0
=007  he\bmb020baca
=008  941024r19921991dcu\\\\\b\\\\f000\0\eng\d
=019  \\$a34785148
=035  \\$aocl26993601
=035  \\$a(DGPO)93056513
=035  \\$a(OCoLC)26993601
=040  \\$aCongressional Information Service$dCongressional Information Service$cMdBeCI
=043  \\$an-us---
=050  \4$aKF49
=074  \\$a1008-C
=074  \\$a1008-D (MF)
=086  0\$aY 1.1/8:102-926
=099  \\$aCIS 92 H563-56
=099  \\$aCIS Microfiche: see note in record
=099  \\$aMicrofiche
=110  1\$aUnited States.$bCongress.$bHouse.$bCommittee on Merchant Marine and Fisheries
=245  10$aWeakfish Conservation Act of 1992$h[microform] : report (to accompany H. R. 2588).
=260  \\$a[Washington, D.C. :$bU.S. G.P.O.,$c1992].
=300  \\$a13 p. ;$c24 cm.
=490  0\$aReport / 102d Congress, 2d session, House of Representatives ;$v102-926$5FTaSU
=490  1\$aRept. / 102d Congress, 2d session, House of Representatives ;$v102-926$5FMFIU$5FTaFA
=490  1\$aReport / 102d Congress, 2d session, Senate ;$v102-926$5FPeU$5FU$5FTS$5FBoU
=500  \\$aReuse of record except for individual research requires license from LexisNexis Academic & Library Solutions.$5FTaFA
=500  \\$aCIS Microfiche Accession Numbers: CIS 92 H563-56$5FTaFA
=500  \\$aCaption title.$5FTaSU$5FPeU$5FU$5FTS$5FBoU
=500  \\$a"September 29, 1992."$5FTaSU$5FMFIU$5FTaFA$5FPeU$5FU$5FTS$5FBoU
=500  \\$aShipping list no.: 93-0045-M.$5FTaSU
=500  \\$aReuse of record except for individual research requires license from Congressional Information Service, Inc.$5FMFIU
=500  \\$aShipping list no.: 92-0578-P.$5FPeU$5FU$5FTS$5FBoU
=500  \\$aDistributed to some depository libraries in microfiche.$5FPeU$5FU$5FTS$5FBoU
=533  \\$aMicrofiche.$b[Bethesda, Md.] :$cCongressional Information Service,$d1992.$e11 X 15 cm.$5FMFIU
=533  \\$aMicroform.$b<Washington, D.C.?> :$cSupt. of Docs., U.S. G.P.O.,$d<1992>$e1 microfiche : negative.$5FTaSU
=533  \\$aMicrofiche.$b[Bethesda, Md.] :$cLexisNexis Academic & Library Solutions,$d1992.$e11 X 15 cm.$5FTaFA
=650  \0$aFishes$xConservation$zUnited States.
=650  \0$aCynoscion regalis$zUnited States.
=650  \0$aFishery law and legislation$zUnited States.
=650  \0$aFishery conservation$zUnited States.
=810  1\$aUnited States.$bCongress.$bHouse.$tReport ;$v102-926.
=810  1\$aUnited States.$bCongress.$bSenate.$tReport$v102-926.
=951  \\$101$aAMU01:000741813;$5FTaFA
=951  \\$102$aFAU01:000470442;$5FBoU
=951  \\$104$aFIU01:001091308;$5FMFIU
=951  \\$105$aFSU01:001554852;$5FTaSU
=951  \\$110$aSFU01:000902276;$5FTS
=951  \\$108$aUFU01:001777882;$5FU
=951  \\$111$aWFU01:000357670;$5FPeU

