=LDR  01154nam a2200301Ka 4500
=001  022083448
=005  20120615100003.0
=008  951120d19941017maua\\\\\tb\\f000|0\eng\d
=035  \\$a(OCoLC)33601489
=040  \\$aSCT$cSCT$dFUG
=086  \\$aD 301.45/39:1163
=088  \\$aPL-TR-94-2261
=100  1\$aDewan, Edmond M.,$d1931-
=245  13$aAn investigation of the causes of optical and infrared airglow structures in the mesosphere /$cEdmond M. Dewan.
=260  \\$aHanscom Air Force Base, MA :$bPhillips Laboratory, Directorate of Geophysics, Air Force Materiel Command,$c[1994?].
=300  \\$axii, 85 p. :$bill. (some col.) ;$c28 cm.
=490  1\$aPL-TR ;$v94-2261$5FU
=490  1\$aEnvironmental research papers ;$vno. 1163$5FU
=500  \\$aCover title.$5FU
=500  \\$a"17 October 1994."$5FU
=504  \\$aIncludes bibliographical references.
=513  \\$aScientific interim.
=650  \0$aAirglow.
=650  \0$aGravity waves.
=710  2\$aUSAF Phillips Laboratory.$bDirectorate of Geophysics.
=830  \0$aPL-TR ;$v94-2261.
=830  \0$aEnvironmental research papers (Hanscom AFB, Mass.) ;$vno. 1163.
=951  \\$108$aUFU01:002060997;$5FU

