=LDR  01906cam a2200457Ia 4500
=001  022094459
=005  20080502082017.0
=008  000412s1933\\\\nyua\\\j\\\\\\000\f\eng\d
=010  \\$a33000784
=019  \\$a1926366$a3416227$a28451810$a28451943
=035  \\$a(OCoLC)43839148
=040  \\$aFUG$cFUG$dEEM$dGJG$dUMC$dOCLCQ$dXY4
=090  \\$aPS3521.E27$bS5
=100  1\$aKeene, Carolyn.
=245  14$aThe sign of the twisted candles /$cby Carolyn Keene.
=260  \\$aNew York :$bGrosset & Dunlap,$cc1933.
=300  \\$aiv, 217 p. :$bill. ;$c20 cm.
=490  1\$aA Nancy Drew mystery story$5FU
=490  1\$aNancy Drew mystery story$5FTS
=490  1\$aNancy Drew mystery stories ;$v9$5FU$5FTS
=590  \\$aBaldwin Library copy has colored illustrations on cover with yellow and white writing.$5FU
=590  \\$aBaldwin Library copy has blue and white lining papers.$5FU
=500  \\$a"9509" --Spine.$5FU
=500  \\$aIllustration signed by: R.H. Tandy.$5FU$5FTS
=500  \\$aSeries numbering taken from spine.$5FU
=520  \\$aWhile solving the mystery of an old man's disappearing fortune, Nancy ends a family feud and reveals the identity of an orphan of unknown parentage.
=650  \0$aMystery and detective stories.
=650  \0$aVendetta$vJuvenile fiction.
=650  \0$aMissing persons$vJuvenile fiction.
=650  \0$aAdoption$vJuvenile fiction.
=650  \0$aWomen detectives$vJuvenile fiction.
=650  \0$aAdventure and adventurers$vJuvenile fiction.
=650  \0$aDrew, Nancy (Fictitious character)$vJuvenile fiction.
=655  \7$aMystery and detective fiction$y1933.$2rbgenr
=690  \4$aBldn$y1933.$5FU
=700  1\$aTandy, Russell H.
=710  2\$aGrosset & Dunlap.
=710  2\$aChildren's Literature Collection.$5FTS
=800  1\$aKeene, Carolyn.$tNancy Drew mystery stories ;$v9.
=951  \\$110$aSFU01:001921312;$5FTS
=951  \\$108$aUFU01:002546649;$5FU

