=LDR  01835nam a22003858a 4500
=001  022104465
=005  20150118083600.0
=008  891117s1989\\\\enk\\\\\\\\\\\101|0\eng\\
=010  \\$a   89026830 
=015  \\$aGB91-47057
=020  \\$a0891169733 (Hemisphere) :$c{dollar}105.00
=020  \\$a0852952414
=035  \\$a(OCoLC)20724690
=040  \\$aDLC$cDLC
=050  0\$aTP155.75$b.C654 1989
=082  0\$a660/.2815$220
=245  00$aComputer integrated process engineering :$bCIPE '89 : a four-day symposium /$corganised by the Institution of Chemical Engineers (Yorkshire Branch and Computer Aided Process Engineering Subject Group), held at the University of Leeds, 25-26 September 1989 ; organising committee, C. McGreavy ... [et al.].
=250  \\$a1st ed.
=260  \\$aRugby, UK :$bThe Institution ;$aNew York :$bHemisphere Pub. Corp.,$cc1989.
=300  \\$ax, 353 p. ;$c22 cm.
=490  1\$aThe Institution of Chemical Engineers symposium series ;$vno. 114$5FTaSU$5FU$5FTS$5FBoU
=490  1\$aEFCE publication ;$vno. 77$5FTaSU$5FU$5FTS$5FBoU
=500  \\$a"EFCE event no. 408."$5FTaSU$5FU$5FTS$5FBoU
=504  \\$aIncludes bibliographical references.
=650  \0$aChemical process control$xData processing$xCongresses.
=650  \0$aComputer integrated manufacturing systems$xCongresses.
=700  1\$aMcGreavy, C.
=710  2\$aInstitution of Chemical Engineers (Great Britain).$bYorkshire Branch.
=710  2\$aInstitution of Chemical Engineers (Great Britain).$bComputer Aided Process Engineering Subject Group
=830  \0$aSymposium series (Institution of Chemical Engineers (Great Britain)) ;$vno. 114.
=830  \0$aEFCE publication series ;$vno. 77.
=951  \\$102$aFAU01:000395238;$5FBoU
=951  \\$105$aFSU01:001052979;$5FTaSU
=951  \\$110$aSFU01:000766972;$5FTS
=951  \\$108$aUFU01:001570921;$5FU

