=LDR  01359cam a2200313I  4500
=001  022114915
=005  20120622232900.0
=008  720816s1971\\\\gw\\\\\\\b\\\\00||0\ger\u
=010  \\$a   72313258 
=035  \\$a(OCoLC)00383864
=040  \\$aMiami Univ Lib
=050  \\$aDG867.19$b.E5
=090  \\$aDG867.19$b.E5
=100  1\$aEnzensberger, Horst.
=245  10$aBeiträge zum Kanzlei- und Urkundenwesen der normannischen Herrscher Unteritaliens und Siziliens.
=260  \\$aKallmünz Opf.,$bM. Lassleben,$c1971.
=300  \\$axi, 198 p.$c26 cm.
=440  \0$aMünchener historische Studien. Abteilung geschichtliche Hilfswissenschaften,$vBd.9$5FTaSU
=490  0\$aMünchener Universitäts-Schriften. Philosophische Fakultät$5FTaSU
=490  1\$aMünchener historische Studien. Abteilung geschichtliche Hilfswissenschaften,$vBd. 9$5FTS
=500  \\$aEnlarged version of the author's thesis, Munich, 1969.$5FTaSU$5FTS
=500  \\$a" Münchener Universitäts-Schriften. Philosophische Fakultät"$5FTS
=504  \\$aBibliography: p. 152-179.
=650  \0$aNormans$zItaly.
=651  \0$aSicily (Italy)$xHistory$y1194-1282$xSources.
=651  \0$aItaly$xHistory$y476-1268$xSources.
=830  \0$aMünchener historische Studien.$pAbteilung geschichtl. Hilfswissenschaften,$vBd. 9.
=951  \\$105$aFSU01:000086087;$5FTaSU
=951  \\$110$aSFU01:000095673;$5FTS

