=LDR  02833cas a2200457 a 4500
=001  022125382
=005  20100805134255.0
=008  831019u19uuuuuudcuuu\\\\\\\\f0\\\a0eng\d
=010  \\$ass 58000006
=019  \\$a17728482$a19356884
=035  \\$a(OCoLC)10034248
=040  \\$aCOO$cCOO$dDLC$dOCL$dOCLCQ$dFUG
=042  \\$alc
=043  \\$an-us---
=050  00$aHV85$b.A375 subser.
=086  0\$aFS 14.213:
=096  \\$aWT 30 C469
=245  00$aCharacteristics of state public assistance.
=246  1\$iVols. for <1953-> have title:$aCharacteristics of state public assistance plans under the Social Security Act
=246  10$aCharacteristics of state public assistance plans under the Social Security Act
=246  14$aCharacteristics of state public assistance plans under Social Security Act
=260  \\$aWashington, D.C. :$bFederal Security Agency, Social Security Agency, Bureau of Public Assistance,
=300  \\$av. ;$c29 cm.
=490  1\$a<1950-1959>: Public assistance report / Federal Security Agency Social Security Board, Bureau of Public Assistance$5FTaSU$5FU
=490  1\$a<1962-1965 ed.>: Public assistance report / U.S. Department of Health, Education, and Welfare, Social Security Administration, Bureau of Family Services$5FTaSU$5FU
=490  1\$a<1967 ed.->: Public assistance report / U.S. Department of Health, Education, and Welfare, Social and Rehabilitation Service, Assistance Payments Administration$5FTaSU$5FU
=500  \\$aVols. for <1953-> have title: Characteristics of state public assistance plans under the Social Security Act.$5FU
=500  \\$aMany years issued in parts: no. 49. Provisions for medical care -- no.50. General provisions : eligibility, assistance, administration -- no.51. Staff development provisions -- no.53. Provisions for social services.$5FU
=500  \\$aDescription based on: 1950.$5FTaSU$5FU
=550  \\$aIssued by: Bureau of Public Assistance, <1950-1959>; Bureau of Family Services, <1962-1965 ed.>; Social and Rehabilitation Service, Assistance Payments Administration, <1967.->
=650  \0$aSocial security$zUnited States$vPeriodicals.
=710  1\$aUnited States.$bSocial and Rehabilitation Service.$bAssistance Payments Administration.
=710  1\$aUnited States.$bBureau of Family Services
=710  1\$aUnited States.$bBureau of Public Assistance.
=780  00$tCharacteristics of state plans$w(DLC)   92641046$w(OCoLC)25784312$5FTaSU$5FU
=830  \0$aPublic assistance report (United States. Bureau of Public Assistance)
=830  \0$aPublic assistance report (United States. Bureau of Family Services)
=830  \0$aPublic assistance report (United States. Social and Rehabilitation Service. Assistance Payments Administration)
=936  \\$a1973 ed. LIC
=951  \\$105$aFSU01:001556485;$5FTaSU
=951  \\$108$aUFU01:004940076;$5FU

