=LDR  01630nam a2200409 i 4500
=001  022135025
=005  20130309110700.0
=008  780729s1978\\\\dcua\\\\\\\\\f000|0\eng\d
=020  \\$bpbk.
=035  \\$a(OCoLC)04094824
=040  \\$aGPO$cGPO
=074  \\$a312-A
=086  \\$aD 2.14:FS-64
=099  \\$aD 2.14:FS-64
=110  1\$aUnited States.$bOffice of Information for the Armed Forces.
=245  14$aThe bachelor military tenant.
=260  \\$aWashington :$bDept. of Defense, American Forces Information Service,$c[1978]
=300  \\$afolder (10 p.) :$bill. ;$c23 cm.
=440  \0$aDA pam ;$v360 ; 614$5FTS$5FMFIU
=490  0\$aDoD FS ; 64$5FTS$5FU$5FTaFA$5FMFIU
=490  0\$aNAVEDTRA ; 46610$5FTS$5FU$5FTaFA$5FMFIU
=490  0\$aNAVMC ; 2672$5FTS$5FU$5FTaFA$5FMFIU
=490  1\$aDA pam 360 ; 614$5FU$5FTaFA$5FMFIU
=490  1\$a[Pamphlet] ; AFP 90-12$5FTS$5FU$5FTaFA$5FMFIU
=500  \\$aMONTHLY CATALOG NUMBER: gp 78020011$5FTS$5FTaFA$5FMFIU
=500  \\$aStock 0503-LP-003-0500.$5FTS$5FU$5FTaFA$5FMFIU
=650  \0$aLandlord and tenant.
=650  \0$aSoldiers$zUnited States.
=651  \0$aUnited States$xArmed Forces$xBarracks and quarters.
=690  \\$aSoldiers$zUnited States.$5FTS$5FTaFA$5FMFIU
=690  \\$aLandlord and tenant.$5FTS$5FTaFA$5FMFIU
=691  \\$aUnited States$xArmed Forces$xBarracks and quarters.$5FTS$5FTaFA
=810  1\$aUnited States.$bDept. of the Air Force.$t[Pamphlet] ;$vAFP 90-12.
=810  1\$aUnited States.$bDept. of the Army.$tDA pam 360 ;$v614.
=951  \\$101$aAMU01:000238841;$5FTaFA
=951  \\$104$aFIU01:000272827;$5FMFIU
=951  \\$108$aUFU01:001189407;$5FU

