=LDR  01690cam a2200445 i 4500
=001  022144077
=005  20120623023700.0
=008  751128s1975\\\\nyu\\\\\\bs\\\001|0\eng\\
=010  \\$a   74082373 //r943
=019  \\$a25647220
=020  \\$a0870145053
=035  \\$a(OCoLC)01652633
=040  \\$aDLC$cDLC$dFDA
=043  \\$aa-ph---
=050  0\$aHC455$b.B3
=050  0\$aHC10$b.F58 v. 5
=050  00$aHC10$b.F58 vol. 5$aHC455
=082  0\$a330.9 s$a330.9/599/04
=090  \\$aHC455$b.B3
=092  \\$a330.9599$bB182p
=100  1\$aBaldwin, Robert E.
=245  14$aThe Philippines /$cby Robert E. Baldwin.
=260  \\$aNew York :$bNational Bureau of Economic Research : distributed by Columbia University Press,$c1975.
=300  \\$axix, 165 p. ;$c24 cm.
=440  \0$aForeign trade regimes and economic development ;$vv. 5$5FMFIU$5FU$5FTS
=490  0\$aForeign trade regimes and economic development ;$vv. 5$5FTaSU
=490  0\$aForeign trade regimes and economic development ; v. 5$5FBoU
=500  \\$a"A special conference series on foreign trade regimes and economic development."$5FTS
=504  \\$aIncludes bibliographical references and index.
=650  \0$aForeign trade regulation$zPhilippines.
=651  \0$aPhilippines$xEconomic conditions$y1946-1986.
=651  \0$aPhilippines$xCommercial policy.
=651  \0$aPhilippines$xEconomic conditions$y1946-
=651  \0$aPhilippines$xEconomic conditions.
=710  2\$aNational Bureau of Economic Research.
=951  \\$102$aFAU01:000152941;$5FBoU
=951  \\$104$aFIU01:000130531;$5FMFIU
=951  \\$105$aFSU01:001557049;$5FTaSU
=951  \\$110$aSFU01:000232764;$5FTS
=951  \\$108$aUFU01:000130128;$5FU

