=LDR  00748cam a2200253I  4500
=001  022153213
=005  20090305124602.0
=008  991005s1967\\\\ag\\\\\\\\\\\\000\0\spa\d
=010  \\$a   67104445 
=019  \\$a692230
=035  \\$a(OCoLC)42576088
=040  \\$aDLC$cOUN$dm.c.$dSER$dFWA
=050  0\$aPQ8519.O59$bA6 1967
=082  \\$a863
=090  \\$aPQ8519.O59$bC84
=100  1\$aOnetti, Juan Carlos,$d1909-1994.
=245  10$aCuentos completos.
=260  \\$a[Buenos Aires]$bCentro Editor de América Latina$c[1967]
=300  \\$a224 p.$c18 cm.
=490  0\$aLibros de mar a mar, 2$5FPeU
=490  0\$aLibros de mar a mar ;$v2.$5FU
=650  \7$aCUENTOS URUGUAYOS.$2renib
=951  \\$108$aUFU01:000805112;$5FU
=951  \\$111$aWFU01:000090282;$5FPeU

