=LDR  02475cam a22005054a 4500
=001  022160827
=005  20130703140423.0
=007  cr\un|||||||||
=008  030310s2003\\\\gw\a\\\\\b\\\\101|0\eng\\
=010  \\$a  2003045465
=015  \\$aGBA3-67335
=020  \\$a3540009574 (softcover : alk. paper)
=035  \\$a(OCoLC)51861931
=040  \\$aDLC$cDLC$dOHX$dC{dollar}Q
=042  \\$apcc
=050  00$aQA76.9.D3$bS438 2001
=072  \7$aQA$2lcco
=082  00$a005.74$221
=245  00$aSemantics in databases :$bsecond international workshop, Dagstuhl Castle, Germany, January 7-12, 2001 : revised papers /$cLeopoldo Bertossi ... [et al.], eds.
=260  \\$aBerlin ;$aNew York :$bSpringer,$cc2003.
=300  \\$a228 p. :$bill. ;$c24 cm.
=440  \0$aLecture notes in computer science,$x0302-9743 ;$v2582$5FOFT
=490  0\$aLecture notes in computer science,$x0302-9743 ;$v2582$5FBoU
=490  1\$aLecture notes in computer science,$x0302-9743 ;$v2582.$aLecture notes in artificial intelligence$5FMFIU
=500  \\$aSeries ISSN (electronic): 0302-9743.$5FOFT
=500  \\$aPapers selected from the workshop Semantics in Databases held in Dagstuhl from January 7 till January 12, 2001.$5FMFIU
=504  \\$aIncludes bibliographical references and index.
=530  \\$aAlso issued online.$5FOFT
=530  \\$aAlso available via the World Wide Web.$5FMFIU$5FBoU
=650  \0$aDatabase design$vCongresses.
=650  \0$aDatabase management$vCongresses.
=650  \0$aDatabase management.
=650  \0$aDatabase design.
=700  1\$aBertossi, Leopoldo.
=710  2\$aLINK (Online service)
=776  0\$tSemantics in databases$w(OCoLC)51975846
=830  \0$aLecture notes in computer science ;$v2582.
=830  \0$aLecture notes in computer science.$pLecture notes in artificial intelligence.
=856  41$3Table of contents$uhttp://bvbr.bib-bvb.de:8991/F?func=service&doc_library=BVB01&doc_number=010269171&line_number=0001&func_code=DB_RECORDS&service_type=MEDIA$5FMFIU
=856  41$uhttp://ezproxy.fiu.edu/login?url=http://link.springer-ny.com/link/service/series/0558/tocs/t2582.htm$yFIU users: view content here$5FMFIU
=856  41$zClick here for access to Springerlink database:$uhttp://www.springerlink.com/$5FMFIU
=856  42$3Publisher description$uhttp://www.loc.gov/catdir/enhancements/fy0817/2003045465-d.html$5FMFIU
=951  \\$107$aCFU01:001065922;$5FOFT
=951  \\$102$aFAU01:000998196;$5FBoU
=951  \\$104$aFIU01:001121192;$5FMFIU

