=LDR  03447nam a22004935  4500
=001  022169603
=005  20060525174445.0
=008  040902s2004\\\\nl\a\\\\\\\\\\000|0\eng\d
=019  \\$aNhCcYBP$b99808921148
=020  \\$a9042010649 (pbk.)
=020  \\$a9042010746
=035  \\$aNhCcYBP$b99808921148
=035  \\$a(OCoLC)56411550
=040  \\$aNhCcYBP$cNhCcYBP$dOrLoB-B
=090  \\$aR653.S6$bC26 2004
=245  04$aThe Cape doctor in the nineteenth century :$ba social history.
=260  \\$aAmsterdam ;$aNew York, NY :$bRodopi,$cc2004.
=300  \\$a318 p. :$bill. ;$c23 cm.
=440  \0$aWellcome Institute series in the history of medicine$5FTaFA
=440  \0$aWellcome series in the history of medicine$5FU
=490  1\$aClio Medica,$x0045-7183 ;$v73$5FTaFA
=490  1\$aClio medica ;$v74$5FU
=504  \\$aIncludes bibliographical references (p. 285-301) and index.
=520  1\$a"The Cape Doctor is a social history of medicine, which places formal Western medicine within its political, social and economic context. The work shows the way in which the Cape medical profession excluded all but a few women and black practitioners, and discriminated along lines of race, class and gender in their practice. It revises traditional whiggish and linear accounts of professional advancement, but it also moves beyond the classic revisionist tradition, which documents the emergence of a society divided along lines of race and gender, by providing examples of cultural crossover and medical pluralism. It also provides a perspective on a broad historical process within which to understand present debates about the most appropriate health policies in South Africa today."--BOOK JACKET.
=650  \0$aSocial medicine$zSouth Africa$xHistory$y19th century.
=650  12$aSociology, Medical.
=650  12$aSocial Medicine.
=700  1\$aPhillips, Howard
=700  1\$aDeacon, Harriet
=700  1\$aVan Heyningen, E.
=830  \0$aClio medica (Amsterdam, Netherlands)
=830  \0$aClio medica (Amsterdam, Netherlands : 1993) ;$v73.
=970  11$l1$tIntroduction : the Cape doctor in the nineteenth century$cHarriet Deacon$fDeacon, Harriet.$p17
=970  21$l2$tCape doctor and the broader medical market, 1800-1850$cHarriet Deacon$fDeacon, Harriet.$p45
=970  21$l3$tMedical gentlemen and the process of professionalisation before 1860$cHarriet Deacon$fDeacon, Harriet.$p85
=970  21$l4$tHome taught for abroad : the training of the Cape doctor, 1807-1910$cHoward Phillips$fPhillips, Howard$p105
=970  21$l5$tOpportunities outside private practice before 1860$cHarriet Deacon$fDeacon, Harriet.$cElizabeth van Heyningen$fVan Heyningen, E.$p133
=970  21$l6$tMedical practice in the eastern Cape$cElizabeth van Heyningen$fVan Heyningen, E.$p169
=970  21$l7$t'Regularly licensed and properly educated practitioners' professionalism 1860-1910$cElizabeth van Heyningen$fVan Heyningen, E.$p195
=970  21$l8$tMineral wealth and medical opportunity$cHarriet Deacon$fDeacon, Harriet.$cElizabeth van Heyningen$fVan Heyningen, E.$cSally Swartz$fSwartz, Sally$cFelicity Swanson$fSwanson, Felicity$p223
=970  21$l9$tMaking a medical living : the economics of medical practice in the Cape c. 1860-1910$cAnne Digby$fDigby, Anne$p249
=970  21$l10$tCape doctor 1807-1910 : perspectives$cHoward Phillips$fPhillips, Howard$p281
=951  \\$101$aAMU01:000571105;$5FTaFA
=951  \\$108$aUFU01:003115612;$5FU

