=LDR  02001cam a2200361 a 4500
=001  022178093
=005  20140327191400.0
=008  040604s2004\\\\nyu\\\\\\b\\\\001|0\eng\\
=010  \\$a  2004012946
=020  \\$a1571132627 (acid-free paper)
=020  \\$a1571132627 (hardcover : acid-free paper)
=020  \\$a1571132627 (hardcover : alk. paper)
=035  \\$a(OCoLC)55623951
=040  \\$aDLC$cDLC
=050  00$aPR5587.3$b.M39 2004
=082  00$a821/.8$222
=100  1\$aMazzeno, Laurence W.
=245  10$aAlfred Tennyson :$bthe critical legacy /$cLaurence W. Mazzeno.
=260  \\$aRochester, NY :$bCamden House,$c2004.
=300  \\$a239 p. ;$c24 cm.
=490  1\$aStudies in English and American literature and culture. Literary criticism in perspective$5FOFT$5FTS
=490  1\$aStudies in English and American literature and culture.$aLiterary criticism in perspective$5FTaFA$5FTaSU$5FMFIU
=504  \\$aIncludes bibliographical references (p. 8-10; [199]-266) and index.
=505  0\$aTennyson among his contemporaries :1827-1892 -- A mixed legacy : 1892-1916 -- Criticism pro and con : 1916-1959 -- The Tennyson revival : 1960-1969 -- The height of critical acclaim : 1970-1980 -- Tennyson among the poststructuralists : 1981-1989 -- Tennyson fin-de-siècle : 1990-2000 -- A twenty-first century prospectus.$5FTaFA$5FOFT$5FTaSU$5FMFIU$5FTS
=505  0\$aTable of contents only: http://www.loc.gov/catdir/toc/ecip0418/2004012946.html$5FTS
=600  10$aTennyson, Alfred Tennyson,$cBaron,$d1809-1892$xCriticism and interpretation$xHistory.
=830  \0$aStudies in English and American literature, linguistics, and culture (Unnumbered).$pLiterary criticism in perspective
=856  42$3Table of contents$uhttp://www.loc.gov/catdir/toc/ecip0418/2004012946.html$5FTaFA$5FTaSU$5FMFIU
=951  \\$101$aAMU01:000571356;$5FTaFA
=951  \\$107$aCFU01:001110535;$5FOFT
=951  \\$104$aFIU01:001289137;$5FMFIU
=951  \\$105$aFSU01:002245195;$5FTaSU
=951  \\$110$aSFU01:001491750;$5FTS

