=LDR  00684cam a2200217Ii 4500
=001  022187159
=005  20120622232600.0
=008  791009s1967\\\\sp\\\\\\\\\\\\000|1\spa\d
=019  \\$a276353
=035  \\$a(OCoLC)05507850
=040  \\$aTXP$cTXP$dWAL$dFGA
=090  \\$aPQ6603.A7$bC24
=092  \\$aFic$bBAR
=100  1\$aBaroja, Pío,$d1872-1956.
=245  14$aLos caminos del mundo :$bnovela /$cPío Baroja.
=260  \\$aBarcelona :$bPlaneta,$c1967.
=300  \\$a316 p. ;$c20 cm.
=490  1\$aColección autores españoles contemporáneos$5FFmFGC
=490  0\$aMemorias de un hombre de acción$5FFmFGC
=830  \0$aAutores españoles contemporáneos.
=951  \\$103$aGCU01:000058962;$5FFmFGC

