=LDR  01365cam a2200349Ia 4500
=001  022194750
=005  20130912173343.0
=008  061207s2006\\\\fr\\\\\\\b\\\\000\0\fre\d
=020  \\$a225691111X
=020  \\$a9782256911118
=035  \\$a(OCoLC)77010365
=040  \\$aTZT$cTZT$dUAT$dFUG
=050  \4$aPQ2682.O436$bZ54 2006
=072  \7$aPQ$2lcco
=082  14$a809$21
=090  \\$aPN3$b.R4 no.1861-1867
=245  00$aAntoine Volodine :$bfictions du politique /$ctextes réunis et présentés par Anne Roche ; en collaboration avec Dominique Viart ; avec un entretien d'Antoine Volodine.
=246  30$aFictions du politique
=260  \\$aCaen :$bLettres modernes Minard,$c2006.
=300  \\$a277 p. ;$c19 cm.
=490  0\$aRevue des lettres modernes,$x0035-2136 ;$v[1]861-[1]867$5FTaSU
=490  1\$aRevue des lettres modernes,$x0035-2136 ;$v[1]861-[1]867$5FMFIU
=490  1\$aÉcritures contemporaines,$x1292-8003 ;$v8
=504  \\$aIncludes bibliographical references.
=600  10$aVolodine, Antoine$xCriticism and interpretation.
=653  \\$aLiterary studies$a20th century
=700  1\$aRoche, Anne,$d1938-
=700  1\$aViart, Dominique.
=830  \0$aRevue des lettres modernes ;$vno. 1861-1867.
=830  \0$aRevue des lettres modernes.$pEcritures contemporaines ;$v8.
=951  \\$105$aFSU01:002363068;$5FTaSU
=951  \\$108$aUFU01:003758403;$5FU

