=LDR  01184nam a22003378a 4500
=001  022203392
=005  20070620151832.0
=008  061227s2006\\\\dcua\\\\\b\\\\000\0\eng\\
=010  \\$a2006100346
=020  \\$a9780875904351
=020  \\$a0875904351
=035  \\$a(OCoLC)77520523
=040  \\$aDLC$cDLC$dBAKER$dFDA
=050  00$aQE538.5$b.E25 2006
=082  00$a551.22$222
=245  00$aEarthquakes :$bradiated energy and the physics of faulting /$cRachel Abercrombie ... [et al.], editors.
=260  \\$aWashington, DC :$bAmerican Geophysical Union,$cc2006.
=300  \\$ap. cm.
=490  0\$aGeophysical monograph,$x0065-8448 ;$v170$5FTaSU
=490  1\$aGeophysical monograph series,$x0065-8448 ;$v170$5FU$5FTS
=504  \\$aIncludes bibliographical references.
=505  0\$aTable of contents only http://www.loc.gov/catdir/toc/ecip077/2006100346.html$5FTS
=650  \0$aSeismic waves.
=650  \0$aEnergy dissipation.
=650  \0$aFaults (Geology)
=650  \0$aSeismology.
=700  1\$aAbercrombie, Rachel.
=830  \0$aGeophysical monograph ;$v170.
=951  \\$105$aFSU01:002364374;$5FTaSU
=951  \\$110$aSFU01:001755885;$5FTS
=951  \\$108$aUFU01:003758682;$5FU

