=LDR  01655cam a2200457   4500
=001  022212659
=005  20110120165138.0
=008  730719s1972\\\\enka\\\\\b\\\\000|0\engm\
=010  \\$a   73164284 //r84
=015  \\$aB***
=019  \\$a00688568
=019  \\$a721104
=020  \\$a0582012269
=035  \\$a(OCoLC)02722534
=040  \\$aDLC$cDLC$dm.c.
=050  0\$aPS3509.L43$bW362
=050  0\$aPS3509.L43$bZ6442
=082  0\$a821/.9/12
=090  \\$aPS3509.L43$bZ644
=090  \\$aPR105$b.W7 no., 226
=092  \\$a820.92$bA1, B582, no.226
=100  1\$aBradbrook, M. C.$q(Muriel Clara),$d1909-1993.
=245  10$aT. S. Eliot: the making of The waste land,$cby M. C. Bradbrook. Edited by Ian Scott-Kilvert.
=260  \\$a[Harlow, Essex]$bPublished for the British Council by Longman Group$c[1972]
=300  \\$a38 p.$billus.$c22 cm.
=440  \0$aWriters and their work ;$vno. 226$5FTS
=490  0\$aWriters & their work,$vno. 226$5FTaSU$5FU
=490  1\$aWriters & their work, no. 226$5FOFT$5FBoU
=504  \\$aBibliography: p. 37-38.
=600  10$aPound, Ezra,$d1885-1972.
=600  10$aEliot, T. S.$q(Thomas Stearns),$d1888-1965.$tWaste land.
=600  10$aEliot, T. S.$q(Thomas Stearns),$d1888-1965
=700  1\$aScott-Kilvert, Ian,$eed.
=830  \0$aBibliographical series of supplements to British book news on writers and their work,$vno. 226
=830  \0$aWriters and their work ;$v226.
=951  \\$107$aCFU01:000079726;$5FOFT
=951  \\$102$aFAU01:000101714;$5FBoU
=951  \\$105$aFSU01:000722222;$5FTaSU
=951  \\$110$aSFU01:000277867;$5FTS
=951  \\$108$aUFU01:000839616;$5FU
=991  \\$a(OCoLC)00721104

