=LDR  03268cam a22007218a 4500
=001  022224387
=005  20050303185622.0
=008  930729c19931994caua\\\\\b\\\\001|0\eng\\
=010  \\$a93031224
=015  \\$aGB94-15059
=019  \\$a30034161$a30034429
=020  \\$a0803952147 (pbk.)
=020  \\$a0803952139 (cloth)
=035  \\$a(OCoLC)28665502
=040  \\$aDLC$cDLC$dGZM$dFUG$dOrLoB-B
=041  0\$aeng
=050  00$aHM133$b.B483 1994
=082  00$a649/.1$220
=100  1\$aBertcher, Harvey J.
=245  10$aGroup participation :$btechniques for leaders and members /$cHarvey J. Bertcher.
=250  \\$a2nd ed.
=260  \\$aThousand Oaks, Calif. :$bPublished in cooperation with the Continuing Education Program in the Human Services of the University of Michigan School of Social Work [by] Sage Publications,$c1994.
=300  \\$axii, 197 p. :$bill.$c22 cm.
=440  \0$aSage human services guides ;$vv. 10$5FMFIU$5FTaSU$5FTS$5FOFT
=490  0\$aSage human services guide ;$vv. 10$5FPeU$5FJUNF$5FU
=490  0\$aSage human services guides ;$vv. 10$5FBoU
=504  \\$aIncludes bibliographical references (p. 188-189) and indexes.
=520  1\$a"This new edition of Group Participation offers lively and clear descriptions of basic techniques for attaining group success. Detailed discussions of when, how, and why to use the techniques are provided along with concrete examples in dramatized vignettes. Among the topics covered are contract negotiation, mediating, confrontation, gatekeeping, focusing, responding to feelings, rewarding effort and achievement, and information management. Completely updated and class-tested, this volume also includes improved practice exercise, an expanded discussion of the nature of group success, and a new section that relates leadership technique to group-specific cases."--BOOK JACKET.
=650  \0$aSmall groups.
=650  \0$aSocial groups.
=650  \0$aSocial participation.
=650  \0$aLeadership.
=710  2\$aUniversity of Michigan.$bSchool of Social Work.
=830  \0$aSage human services guides ;$vv. 10
=970  01$tPreface
=970  01$tPreface to the First Edition
=970  11$l1$tIntroduction: The Effective Group$p1
=970  11$l2$tAttending$p19
=970  11$l3$tSeeking and Giving Information$p31
=970  11$l4$tContract Negotiation$p44
=970  11$l5$tRewarding$p60
=970  11$l6$tResponding to Feelings$p75
=970  11$l7$tFocusing$p90
=970  11$l8$tSummarizing$p102
=970  11$l9$tGatekeeping$p114
=970  11$l10$tConfrontation$p126
=970  11$l11$tModeling$p141
=970  11$l12$tMediating$p153
=970  11$l13$tStarting$p170
=970  11$l14$tEpilogue: "Different Strokes for Different Folks"$p180
=970  01$tReferences$p188
=970  11$tAnswer to the Same-Same Dilemma$p190
=970  01$tAuthor index$p191
=970  01$tSubject index$p192
=970  01$tAbout the Author$p197
=951  \\$107$aCFU01:000453623;$5FOFT
=951  \\$102$aFAU01:000489893;$5FBoU
=951  \\$104$aFIU01:000553433;$5FMFIU
=951  \\$105$aFSU01:001368740;$5FTaSU
=951  \\$109$aNFU01:000387618;$5FJUNF
=951  \\$110$aSFU01:000947338;$5FTS
=951  \\$108$aUFU01:001911786;$5FU
=951  \\$111$aWFU01:000396451;$5FPeU

