=LDR  01179cam a2200337Ii 4500
=001  022236007
=005  20120201084832.0
=008  781214s1978\\\\dcub\\\\\\\\\f000\0\eng\d
=020  \\$bpbk.
=035  \\$a(OCoLC)04453286
=037  \\$b20415
=040  \\$aGPO$cGPO$dOCLCQ$dSYB$dFUG
=043  \\$an-us---
=074  \\$a299
=086  \\$aCS 1.48:BRE-9/7
=099  \\$aCS 1.48:BRE-9/7
=110  2\$aUnited States Civil Service Commission.
=245  10$aFederal job information centers directory.
=260  \\$a[Washington] :$bCivil Service Commission,$c1978.
=300  \\$a1 folded sheet (12 p.) :$bmap ;$c23 x 10 cm.
=490  0\$aBRE ; 9$5FTS$5FMFIU
=490  1\$aBRE ;$v9$5FU
=500  \\$aMONTHLY CATALOG NUMBER: gp 79003714$5FTS$5FMFIU
=500  \\$aJune 1978.$5FTS$5FMFIU$5FU
=610  10$aUnited States Civil Service Commission.
=650  \0$aCivil service positions$xInformation services$zUnited States.
=650  \0$aCivil service positions$zUnited States$xInformation services.
=830  \0$aPamphlet (United States Civil Service Commission) ;$v9.
=951  \\$104$aFIU01:000274776;$5FMFIU
=951  \\$110$aSFU01:000572185;$5FTS
=951  \\$108$aUFU01:005536665;$5FU

