=LDR  02311pam a2200493 i 4500
=001  022246220
=005  20070131164021.0
=008  800709s1981\\\\miu\\\\\\ba\\\001|0\eng\\
=010  \\$a   80019646 
=020  \\$a0810314789 :$c{dollar}28.00
=035  \\$a(OCoLC)06581558
=040  \\$aDLC$cDLC$dm.c.$dFTU
=043  \\$an-us---
=050  00$aLA205$b.S42
=082  00$a016.37/0973$219
=100  1\$aSedlak, Michael W.
=245  10$aAmerican educational history :$ba guide to information sources /$cMichael W. Sedlak, Timothy Walch.
=260  \\$aDetroit, MI :$bGale Research Co.,$cc1981.
=300  \\$axi, 265 p. ;$c23 cm.
=440  \0$aAmerican government and history information guide series ;$vv. 10$5FPeU
=440  \0$aGale information guide library.$pAmerican government and history information guide series ;$vv. 10$5FOFT$5FMFIU$5FTS
=490  0\$aAmerican government and history information guide series ; v. 10$5FBoU
=490  0\$aAmerican government and history information guide series ;$vv. 10$5FFmFGC$5FTaFA$5FU
=490  0\$aGale information guide library$5FFmFGC$5FTaFA$5FBoU$5FU
=490  0\$aGale information guide library. Education information guide series$5FPeU
=490  1\$aAmerican government and history information guide series ;$vv. 10. Gale information guide library$5FTaSU
=500  \\$aIncludes indexes.$5FFmFGC$5FTaFA$5FPeU$5FOFT$5FBoU$5FMFIU$5FU$5FTS$5FTaSU
=504  \\$aBibliography: p. 227-239.
=650  \0$aEducation$zUnited States$xHistory$xAbstracts.
=650  \0$aEducation$zUnited States$xHistory$xInformation services.
=650  \0$aEducation$zUnited States$xHistory$xInformation services$zUnited States.
=650  \0$aEducation$xHistory$xInformation services$zUnited States.
=700  1\$aWalch, Timothy,$d1947-$ejoint author.
=700  1\$aWalch, Timothy,$d1947-
=830  \0$aGale information guide library.$pAmerican government and history information guide series ;$vv. 10.
=951  \\$101$aAMU01:000137013;$5FTaFA
=951  \\$107$aCFU01:000194893;$5FOFT
=951  \\$102$aFAU01:000220802;$5FBoU
=951  \\$104$aFIU01:000214372;$5FMFIU
=951  \\$105$aFSU01:000443628;$5FTaSU
=951  \\$103$aGCU01:000060756;$5FFmFGC
=951  \\$110$aSFU01:000426321;$5FTS
=951  \\$108$aUFU01:000349639;$5FU
=951  \\$111$aWFU01:000185352;$5FPeU

