=LDR  01251nam a22003611  4500
=001  022254268
=005  20120623042500.0
=008  730109s1963\\\\nyua\\\\\\\\\\000|0\eng\\
=010  \\$a   62013815 /L
=035  \\$a(OCoLC)00757782
=040  \\$aDLC$cDLC$dFWA
=050  0\$aLB1027.5$b.J6 1963
=082  0\$a371.422
=090  \\$aLB1027.5$b.J6 1963
=092  \\$a371.42$bJ76p5
=100  1\$aJones, Arthur J.$q(Arthur Julius),$d1871-1963
=245  00$aPrinciples of guidance.
=250  \\$a5th ed.
=260  \\$aNew York,$bMcGraw-Hill$c[c1963]
=300  \\$aix, 305 p.$billus.$c24 cm.
=440  \0$aMcGraw-Hill series in education.$5FOFT$5FTS$5FU
=490  0\$aGuidance, counseling, and student personnel in education series$5FPeU$5FOFT$5FBoU$5FTaSU$5FTS$5FU
=490  0\$aMcGraw-Hill series in education.$5FPeU$5FBoU$5FTaSU
=504  \\$aIncludes bibliographies.
=590  \\$a75-2621$5FPeU
=650  \0$aEducational counseling.
=830  \0$aGuidance, counseling, and student personnel in education.
=951  \\$107$aCFU01:000081843;$5FOFT
=951  \\$102$aFAU01:000107796;$5FBoU
=951  \\$105$aFSU01:000147912;$5FTaSU
=951  \\$110$aSFU01:000158480;$5FTS
=951  \\$108$aUFU01:000756796;$5FU
=951  \\$111$aWFU01:000094239;$5FPeU

