=LDR  03774cam a2200697Ia 4500
=001  022261664
=005  20110309122730.0
=006  m\\\\\\\\d\\\\\\\\
=007  cr\cn|
=008  081017s2006\\\\gw\a\\\\ob\\\\101\0\eng\d
=019  \\$a71826301$a316266136
=020  \\$a9783540445241
=020  \\$a3540445242
=020  \\$a3540445234
=020  \\$a9783540445234
=020  \\$a6611388540
=020  \\$a9786611388546
=035  \\$a(OCoLC)262693453
=037  \\$a978-3-540-44523-4$bSpringer$nhttp://www.springerlink.com
=040  \\$aGW5XE$beng$cGW5XE$dOCLCQ$dCEF$dGZM$dOKU$dBAKER$dLGG
=050  14$aQA292$b.S48 2006eb
=050  14$aQA292
=055  00$aQA292$bS48 2006
=072  \7$aQA$2lcco
=082  04$a515/.24$222
=111  2\$aSETA 2006$d(2006 :$cBeijing, China)
=245  10$aSequences and their applications--SETA 2006$h[electronic resource] :$b4th international conference, Beijing, China, September 24-28, 2006 : proceedings /$cGuang Gong ... [et al.] (eds.).
=246  30$aSETA 2006
=260  \\$aBerlin ;$aNew York :$bSpringer,$c2006.
=300  \\$axii, 431 p. :$bill. ;$c24 cm.
=440  \0$aLecture notes in computer science,$x0302-9743 ;$v4086$5FMFIU$5FOFT$5FTS
=440  \0$aLNCS sublibrary.$nSL 1,$pTheoretical computer science and general issues$5FMFIU$5FOFT$5FTS
=490  1\$aLecture notes in computer science,$x0302-9743 ;$v4086$5FU
=490  1\$aLNCS sublibrary. SL 1, Theoretical computer science and general issues$5FU
=504  \\$aIncludes bibliographical references and index.
=530  \\$aAlso available in print.$5FU
=533  \\$aElectronic reproduction.$bNew York :$cSpringer,$d2008.$nMode of access: World Wide Web.$nSystem requirements: Web browser.$nTitle from title screen (viewed on Oct. 10, 2008).$nAccess may be restricted to users at subscribing institutions.$5FU$5FMFIU$5FOFT$5FTS
=538  \\$aMode of access: World Wide Web.$5FU
=650  \0$aCoding theory$vCongresses.
=650  \0$aSequences (Mathematics)$vCongresses.
=650  \6$aSuites (Mathematiques)$vCongres.
=650  \6$aSuites (Mathématiques)$vCongrès.
=655  \4$aElectronic books.
=655  \7$aElectronic books.$2local
=700  1\$aGong, Guang,$d1956-
=710  2\$aSpringerLink (Online service)
=776  1\$cOriginal$z3540445234$z9783540445234$w(DLC) 2006932045$w(OCoLC)71747761
=830  \0$aLecture notes in computer science ;$v4086.$x0302-9743
=830  \0$aLNCS sublibrary.$nSL 1,$pTheoretical computer science and general issues.
=856  40$uhttp://ezproxy.lib.usf.edu/login?url=http://dx.doi.org/10.1007/11863854$yUSF ONLINE ACCESS$5FTS
=856  40$yClick here for FULL TEXT from SpringerLink$uhttps://login.ezproxy.net.ucf.edu/login?url=http://dx.doi.org/10.1007/11863854$xxnoindex$5FOFT
=856  40$3SpringerLink$uhttp://dx.doi.org/10.1007/11863854$zAn electronic book accessible through the World Wide Web; click for information$5FU
=856  40$3SpringerLink$uhttp://ezproxy.fiu.edu/login?url=http://dx.doi.org/10.1007/11863854$yFIU users: view content here$5FMFIU
=856  40$uhttp://ezproxy.fiu.edu/login?url=http://www.springerlink.com/openurl.asp?genre=issue&issn=0302-9743&volume=4086$yFIU users: view content here$5FMFIU
=856  42$3Table of contents$uhttp://www.loc.gov/catdir/toc/fy0804/2006932045.html$5FMFIU
=856  41$yClick here for alternate access from SpringerLink$uhttps://login.ezproxy.net.ucf.edu/login?url=http://www.springerlink.com/openurl.asp?genre=issue&issn=0302-9743&volume=4086$xxnoindex$5FOFT
=856  42$yTable of contents$uhttp://www.loc.gov/catdir/toc/fy0804/2006932045.html$xxnoindex$5FOFT
=951  \\$107$aCFU01:001863097;$5FOFT
=951  \\$104$aFIU01:001615993;$5FMFIU
=951  \\$110$aSFU01:001997601;$5FTS
=951  \\$108$aUFU01:005074599;$5FU

