=LDR  00996cam a2200337I  4500
=001  022268467
=005  20120623043100.0
=008  720921s1962\\\\njuab\\\\b\\\\001|0\eng\\
=010  \\$a   63000769 
=015  \\$aGB63-4209
=035  \\$a(OCoLC)00412296
=040  \\$cWSU$dFDA
=043  \\$aa-cc---
=050  0\$aDS777.55$b.B83
=082  \\$a951.05
=090  \\$aDS777.55$b.B83
=092  \\$a951.05$bB981p
=100  1\$aBuss, Claude Albert.
=245  14$aThe People's Republic of China.
=260  \\$aNew York,$bVan Nostrand Reinhold$c[c1962]
=300  \\$a188 p.$billus.$c19 cm.
=490  0\$aAn Anvil original, 61$5FTaSU
=490  0\$aAn Anvil original ;$v61$5FBoU
=500  \\$a"An Anvil original."$5FTS
=500  \\$aIncludes index.$5FTaSU$5FTS
=504  \\$aIncludes bibliographical references and index.
=651  \0$aChina.
=951  \\$102$aFAU01:001098061;$5FBoU
=951  \\$105$aFSU01:000091874;$5FTaSU
=951  \\$110$aSFU01:000102679;$5FTS
=951  \\$108$aUFU01:000760894;$5FU

