=LDR  01690cam a2200409Ia 4500
=001  022275826
=005  20120623001600.0
=008  960711s1995\\\\wiuab\\\bb\\\f000|0\eng\d
=035  \\$a(OCoLC)35059108
=040  \\$aEZF$cEZF
=043  \\$an-us-wi
=074  \\$a0083-B-04 (MF)
=086  0\$aA 13.78:FPL-RP-542
=110  1\$aAlig, Joanne T.
=245  10$aNational forests of Wisconsin :$bdemographics and recreation participation /$cJoanne T. Alig, Paul R. Voss.
=260  \\$aPortland, Or. :$bU.S. Department of Agriculture, Forest Service, Pacific Northwest Research Station,$c[1995]
=300  \\$a14 p. :$bill., map ;$c28 cm.
=490  0\$aResearch note [i.e. paper] FPL ;$vRP-542$5FTaSU
=490  0\$aResearch note FPL ;$vRP-542$5FTS$5FU
=500  \\$aCover title.$5FTaSU
=500  \\$a"September 1995"--P. [2] of cover.$5FTaSU
=500  \\$aDistributed to depository libraries in microfiche.$5FTS$5FU
=500  \\$aShipping list no.: 96-0410-M.$5FTS$5FU
=500  \\$a"September 1995"--T.p. verso.$5FTS$5FU
=504  \\$aIncludes bibliographical references: (p. 11).
=533  \\$aMicrofiche.$b[Washington, D.C.?] :$cSupt. of Docs., U.S. G.P.O.,$d[1996]$e1 microfiche : negative.$5FTS$5FU
=650  \0$aDemographic transition$zWisconsin.
=650  \0$aForest reserves$zWisconsin.
=650  \0$aForest reserves$zWisconsin$zRecreational use.
=651  \0$aNicolet National Forest (Wis.)
=651  \0$aChequamegon National Forest (Wis.)
=700  1\$aVoss, Paul R.
=710  2\$aForest Products Laboratory (U.S.)
=830  \0$aResearch note FPL ;$v542.
=951  \\$105$aFSU01:001561225;$5FTaSU
=951  \\$110$aSFU01:001085093;$5FTS
=951  \\$108$aUFU01:002113193;$5FU

