=LDR  02688cam a2200625 a 4500
=001  022283000
=005  20060417141731.0
=008  951121s1996\\\\ctu\\\\\\b\\\\001\0\eng\\
=010  \\$a   95047183 
=015  \\$aGB96-69682
=019  \\$a35829623
=020  \\$a0313298904 (alk. paper)
=020  \\$a0313298904 (hardcover : alk. paper)
=035  \\$a(OCoLC)33862954
=040  \\$aDLC$cDLC$dC#P$dFDA
=050  00$aJC357$b.L57 1996
=082  00$a327.4$220
=100  1\$aLister, Frederick K.,$d1921-
=245  14$aThe European Union, the United Nations, and the revival of confederal governance /$cFrederick K. Lister.
=260  \\$aWestport, Conn. :$bGreenwood Press,$c1996.
=300  \\$axi, 182 p. ;$c25 cm.
=490  1\$aContributions in political science,$x0147-1066 ;$vno. 371.$aGlobal perspectives in history and politics$5FU$5FTS$5FBoU$5FJUNF
=490  1\$aContributions in political science ;$vno. 371.$aGlobal perspectives in history and politics$5FTaSU$5FMFIU
=504  \\$aIncludes bibliographical references and index.
=610  20$aUnited Nations.
=610  20$aEuropean Union.
=650  \0$aConfederation of states.
=650  \0$aEuropean Union.
=830  \0$aContributions in political science.$pGlobal perspectives in history and politics.
=830  \0$aContributions in political science ;$vno. 371.
=970  01$tForeword$cBenjamin Rivlin$fRivlin, Benjamin.
=970  01$tPreface
=970  01$tOpening Argument$p1
=970  11$lCh. 1$tNature of Confederal Governance$p17
=970  12$l1$tPlace of Confederations in a Typology of Governments$p17
=970  12$l2$tBad Repute of Confederal Governance$p26
=970  12$l3$tAnalysis of Confederal Governance$p32
=970  12$l4$tModern Applications of Confederal Governance$p47
=970  11$lCh. 2$tEuropean Union: Jumbo Confederation$p55
=970  12$l1$tEuropean Union's Origins and History, 1957-1995$p57
=970  12$l2$tAnalysis of the Main Features of the European Union$p76
=970  12$l3$tConclusions$p106
=970  11$lCh. 3$tUnited Nations: A Collective Security Confederation in the Making?$p113
=970  12$l1$tOrigins of the UN's Collective Security System$p116
=970  12$l2$tAnalysis of the Main Features of the UN's Collective Security Branch$p128
=970  12$l3$tProspects for Achieving Global Confederation$p146
=970  12$l4$tConclusions$p161
=970  01$tClosing Argument$p169
=970  01$tIndex$p175
=951  \\$102$aFAU01:000593618;$5FBoU
=951  \\$104$aFIU01:000640539;$5FMFIU
=951  \\$105$aFSU01:001563589;$5FTaSU
=951  \\$109$aNFU01:000422923;$5FJUNF
=951  \\$110$aSFU01:001084511;$5FTS
=951  \\$108$aUFU01:002067612;$5FU

