=LDR  02660cam a2200493Ia 4500
=001  022289774
=005  20110309123647.0
=006  m\\\\\\\\d\\\\\\\\
=007  cr\cn|
=008  090213s2008\\\\gw\a\\\\ob\\\\101\0\eng\d
=020  \\$a9783540881407
=020  \\$a3540881409
=035  \\$a(OCoLC)304495020
=037  \\$a978-3-540-88139-1$bSpringer$nhttp://www.springerlink.com
=040  \\$aGW5XE$beng$cGW5XE$dUMC$dCEF
=050  14$aQA76.58$b.N73 2008eb
=050  14$aQA76.58
=072  \7$aQA$2lcco
=082  04$a004/.35$222
=111  2\$aNPC 2008$d(2008 :$cShanghai, China)
=245  00$aNetwork and parallel computing$h[electronic resource] :$bIFIP International Conference, NPC 2008, Shanghai, China, October 18-20, 2008 : proceedings /$cJian Cao ... [et al.] (eds.).
=260  \\$aBerlin :$bSpringer,$cc2008.
=300  \\$axiii, 362 p. :$bill. ;$c24 cm.
=490  1\$aLNCS sublibrary. Theoretical computer science and general issues$vSL 1$5FU$5FMFIU$5FOFT
=490  1\$aLecture notes in computer science,$x0302-9743 ;$v5245$5FU$5FMFIU$5FOFT$5FTS
=504  \\$aIncludes bibliographical references and index.
=530  \\$aIssued also in print.$5FU$5FMFIU$5FOFT
=533  \\$aElectronic reproduction.$bNew York :$cSpringer,$d2009.$nMode of access: World Wide Web.$nSystem requirements: Web browser.$nTitle from title screen (viewed on Feb. 4, 2009).$nAccess may be restricted to users at subscribing institutions.$5FU$5FMFIU$5FOFT$5FTS
=650  \0$aParallel processing (Electronic computers)$vCongresses.
=650  \0$aComputer network architectures$vCongresses.
=655  \7$aElectronic books.$2local
=700  1\$aCao, Jian.
=710  2\$aSpringerLink (Online service)
=776  1\$cOriginal$z9783540881391$z3540881395$w(OCoLC)262427578
=830  \0$aLecture notes in computer science ;$v5245.
=830  \0$aLNCS sublibrary.$nSL 1,$pTheoretical computer science and general issues.
=856  40$3SpringerLink$uhttp://dx.doi.org/10.1007/978-3-540-88140-7$zAn electronic book accessible through the World Wide Web; click for information$5FU
=856  40$3SpringerLink$uhttp://ezproxy.fiu.edu/login?url=http://dx.doi.org/10.1007/978-3-540-88140-7$yFIU users: view content here$5FMFIU
=856  40$yUCF: Click here for ONLINE ACCESS$uhttps://login.ezproxy.net.ucf.edu/login?url=http://dx.doi.org/10.1007/978-3-540-88140-7$xxnoindex$5FOFT$zSpringerLink
=856  40$uhttp://ezproxy.lib.usf.edu/login?url=http://dx.doi.org/10.1007/978-3-540-88140-7$yUSF ONLINE ACCESS$5FTS
=951  \\$107$aCFU01:001870188;$5FOFT
=951  \\$104$aFIU01:001616566;$5FMFIU
=951  \\$110$aSFU01:001998212;$5FTS
=951  \\$108$aUFU01:005075404;$5FU

