=LDR  02044cam a2200409Ia 4500
=001  022295547
=005  20051011143656.0
=007  vd\uvuuzu
=008  040812s2004\\\\oncaf\\\\\\\\\000|0\eng\d
=015  \\$aGBA4-W8851
=020  \\$a1894959124
=035  \\$a(OCoLC)56140988
=037  \\$a1234797$bQBI
=040  \\$aGAO$cGAO$dQBX$dNLC$dOCLCQ
=043  \\$an-us---
=082  04$a629.4/0973$222
=082  14$a629.4$214
=090  \\$aTL789.8.U5$bS53 2004
=100  1\$aSietzen, Frank.
=245  10$aNew moon rising :$bthe making of America's new space vision and the remaking of NASA /$cby Frank Sietzen, Jr. & Keith L. Cowing.
=250  \\$a1st ed.
=260  \\$aBurlington, Ont. :$bApogee Books,$cc2004.
=300  \\$a280 p., [8] p. of plates :$bcol. ill. ;$c26 cm. +$e1 DVD (4 3/4 in.)
=490  0\$a[Apogee Books space series]$5FPeU
=490  1\$a[Apogee Books space series],$x1496-6921$5FTS
=500  \\$aSeries statement from publisher's Web site (viewed Aug. 12, 2004).$5FTS$5FPeU
=500  \\$a"Foreword by Homer Hickam"--Cover.$5FTS$5FPeU
=500  \\$aDVD contains video footage of President George W. Bush's "Space Vision" speech at NASA headquarters in Jan. 2004; NASA Administrator Sean O'Keefe's press conference following the announcement; Vice-President Dick Cheney's remarks at the Jet Propulsion Laboratory; and animations from NASA, of the Moon-Mars and Beyond Initiative, showing some of the proposed ideas for the future exploration of the solar system.$5FTS$5FPeU
=530  \\$aUpdates to text available via the Internet at http://www.cgpublishing.com/moonadds.htm.$5FTS$5FPeU
=538  \\$aSystem requirements for accompanying videodisc: DVD.$5FTS$5FPeU
=610  10$aUnited States.$bNational Aeronautics and Space Administration.
=650  \0$aAstronautics and state$zUnited States.
=700  1\$aCowing, Keith L.
=830  \0$aApogee Books space series.
=856  42$uhttp://www.cgpublishing.com/moonadds.htm$zView updates$5FTS
=951  \\$110$aSFU01:001576404;$5FTS
=951  \\$111$aWFU01:000610780;$5FPeU

