=LDR  01802nam a2200337Ia 4500
=001  022305859
=005  20120623042000.0
=007  he|bmb024bbca
=008  900919s1987\\\\couab\\\bb\\\f000|0\eng\d
=035  \\$a(OCoLC)22403194
=040  \\$aGPO$cGPO
=043  \\$an-us---
=074  \\$a0624-H (MF)
=086  0\$aI 19.76:88-362
=100  1\$aHays, Walter W.
=245  12$aA review of information on seismic hazards needed for the earthquake-resistant design of lifeline systems in the United States$hmicroform :$ba draft technical report of Subcommittee 3, "Evaluation of Site Hazards," a part of the Interagency Committee on Seismic Safety in Construction /$cby Walter W. Hays ; prepared for use by Interagency Committee on Seismic Safety in Construction (ICSSC) ; compiled by Joyce A. Costello.
=260  \\$a[Denver, Colo.?] :$bDept. of the Interior, U.S. Geological Survey :$b[Books and Open-File Reports Section, distributor],$c1987.
=300  \\$a1 microfiche :$bnegative, ill., maps.
=490  1\$aICSSC ;$vTR-10$5FU$5FTS
=490  1\$aOpen-file report ;$v88-362$5FU$5FTS
=504  \\$aIncludes bibliographical references (p. 54-59).
=650  \0$aEarthquake engineering$zUnited States.
=650  \0$aBuildings$zUnited States$xEarthquake effects.
=700  1\$aCostello, Joyce A.
=710  1\$aUnited States.$bInteragency Committee on Seismic Safety in Construction.$bSubcommittee 3, "Evaluation of Site Hazards".
=710  2\$aGeological Survey (U.S.)
=740  0\$aDraft technical report of Subcommittee 3, "Evaluation of Site Hazards," a part of the Interagency Committee on Seismic Safety in Construction.
=830  \0$aU.S. Geological Survey open-file report ;$v88-362.
=830  \0$aICSSC (Series) ;$vTR-10.
=951  \\$110$aSFU01:000791262;$5FTS
=951  \\$108$aUFU01:001553671;$5FU

