=LDR  01414cam a2200349I  4500
=001  022314997
=005  20120316085814.0
=008  740129s1966\\\\sz\f\\\\\b\\\\000|0\fre\\
=010  \\$a   67090396 
=015  \\$aSw66-A-1654
=035  \\$a(OCoLC)00784760
=040  \\$aDLC$cWAL$dSER$dFHC
=050  0\$aPQ1668$b.R4 1966
=100  1\$aDu Bellay, Joachim,$d1525 (ca.)-1560.
=245  14$aLes regrets et autres œuvres poëtiques,$bsuivis des Antiquitez de Rome, plus un Songe ou Vision sur le mesme subject.$cTexte établi par J. Jolliffe. Introd. et commenté par M. A. Screech.
=260  \\$aGenève,$bDroz,$c1966.
=300  \\$a339 p.$b2 plates.$c19 cm.
=440  \0$aTextes littéraires français,$v120$5FU
=490  0\$aTextes littéraires franca̧is$5FTaSU
=490  0\$aTextes littéraires français, 120$5FSsNC$5FJUNF
=504  \\$aIncludes bibliographical footnotes.
=700  1\$aJolliffe, J.,$eed.
=700  1\$aDu Bellay, Joachim,$dca. 1522-1560.$tAntiquitez de Rome.
=700  1\$aDu Bellay, Joachim,$dca. 1522-1560.$tSonge.
=700  1\$aJolliffe, John,$d1937-
=700  12$aDu Bellay, Joachim,$d1525 (ca.)-1560.$tAntiquitez de Rome.
=700  12$aDu Bellay, Joachim,$d1525 (ca.)-1560.$tSonge.
=740  0\$aLes antiquitez de Rome.
=951  \\$105$aFSU01:000150899;$5FTaSU
=951  \\$106$aNCU01:000075765;$5FSsNC
=951  \\$109$aNFU01:000094769;$5FJUNF
=951  \\$108$aUFU01:001476565;$5FU

