=LDR  01400nam a2200337 i 4500
=001  022323931
=005  20120623034700.0
=008  790410s1979\\\\dcu\\\\\\\\\\\000|0\eng\d
=020  \\$bpbk. :$c{dollar}1.20
=035  \\$a(OCoLC)04840507
=037  \\$a029-001-02275-1
=040  \\$cGPO
=043  \\$an-us---
=074  \\$a768-C-1
=086  \\$aL 2.3:2007
=099  \\$aL 2.3:2007
=110  1\$aUnited States.$bBureau of Labor Statistics.
=245  10$aIndustry wage survey, women's and misses' dresses, August 1977 /$cU.S. Department of Labor, Bureau of Labor Statistics.
=260  \\$aWashington :$bDept. of Labor, Bureau of Labor Statistics : for sale by the Supt. of Docs., U.S. Govt. Print. Off.,$c1979.
=300  \\$avi, 33 p. ;$c28 cm.
=490  1\$aBulletin - Bureau of Labor Statistics ; 2007$5FTS$5FU$5FTaFA
=490  1\$aBulletin - Bureau of Labor Statistics ;$v2007$5FMFIU
=500  \\$aMONTHLY CATALOG NUMBER: gp 79011892$5FTS$5FTaFA$5FMFIU
=500  \\$aFeb. 1979.$5FTS$5FU$5FTaFA$5FMFIU
=650  \0$aWages$xClothing workers$zUnited States.
=810  1\$aUnited States.$bBureau of Labor Statistics.$tBulletin - Bureau of Labor Statistics ;$v2007.
=830  \0$aBulletin of the United States Bureau of Labor Statistics ;$v2007.
=951  \\$101$aAMU01:000240304;$5FTaFA
=951  \\$104$aFIU01:000276528;$5FMFIU
=951  \\$110$aSFU01:000575033;$5FTS
=951  \\$108$aUFU01:001201400;$5FU

