=LDR  02832cam a2200517Ia 4500
=001  022330814
=005  20110803140445.0
=006  m\\\\\\\\d\\\\\\\\
=007  cr\cn|
=008  100810s2010\\\\gw\a\\\\sb\\\\101\0\eng\d
=020  \\$a9783642135293
=020  \\$a3642135293
=035  \\$a(OCoLC)654396109
=037  \\$a978-3-642-13528-6$bSpringer$nhttp://www.springerlink.com
=040  \\$aGW5XE$beng$cGW5XE$dOCLCQ
=050  \4$aQA248$b.R73 2010
=050  \4$aQA248
=072  \7$aQA$2lcco
=082  04$a511.3/22$222
=111  2\$aRSCTC (Conference)$n(7th :$d2010 :$cWarsaw, Poland)
=245  10$aRough sets and current trends in computing$h[electronic resource] :$b7th international conference, RSCTC 2010, Warsaw, Poland, June 28-30, 2010 ; proceedings /$cMarcin Szczuka ... [et al.] (eds.).
=260  \\$aBerlin :$bSpringer,$c2010.
=300  \\$a1 online resource (xv, 752 p.) :$bill.
=490  1\$aLecture notes in computer science ;$v6086$5FU$5FTS$5FMFIU
=490  1\$aLecture notes in artificial intelligence$5FU$5FTS$5FMFIU
=490  1\$aLNCS sublibrary. SL 7, Artificial intelligence$5FU$5FTS$5FMFIU
=500  \\$aInternational conference proceedings.$5FU$5FTS$5FMFIU
=504  \\$aIncludes bibliographical references and author index.
=533  \\$aElectronic reproduction.$bNew York :$cSpringer,$d2010.$nMode of access: World Wide Web.$nSystem requirements: Web browser.$nTitle from title screen (viewed on July 19, 2010).$nAccess may be restricted to users at subscribing institutions.$5FU$5FTS
=588  \\$aDescription based on print version record.
=650  \0$aRough sets$vCongresses.
=650  \0$aComputer science$vCongresses.
=655  \4$aElectronic books.
=655  \7$aElectronic books.$2local
=700  1\$aSzczuka, Marcin S.
=710  2\$aSpringerLink (Online service)
=776  08$iPrint version:$aRSCTC 2010 (2010 : Warsaw, Poland).$tRough sets and current trends in computing.$dBerlin : Springer, 2010$z9783642135286$z3642135285$w(OCoLC)642809669
=776  1\$cOriginal$z9783642135286$z3642135285$w(OCoLC)642809669
=830  \0$aLecture notes in computer science.$pLecture notes in artificial intelligence ;$v6086.
=830  \0$aLNCS sublibrary.$nSL 7$pArtificial intelligence.
=856  40$3SpringerLink$uhttp://ezproxy.fiu.edu/login?url=http://dx.doi.org/10.1007/978-3-642-13529-3$5FMFIU$yFIU users: view content here
=856  40$xSpringerLink$uhttp://dx.doi.org/10.1007/978-3-642-13529-3$xAn electronic book accessible through the World Wide Web; click for information$yUSF ONLINE ACCESS$5FTS
=856  40$3SpringerLink$uhttp://dx.doi.org/10.1007/978-3-642-13529-3$zAn electronic book accessible through the World Wide Web; click for information$5FU
=951  \\$104$aFIU01:001755653;$5FMFIU
=951  \\$110$aSFU01:002243883;$5FTS
=951  \\$108$aUFU01:005076778;$5FU

