=LDR  03303cam a2200493 a 4500
=001  022335800
=005  20131202170805.0
=006  m\\\\|\\\d\|\\\\\\
=007  cr||n||||||||n
=008  010123s1865\\\\nyucf\\\s\\\\\000\0deng\d
=035  \\$a(Sabin)CTRG01-B86
=035  \\$a(MiFhGG)galsas000754
=035  \\$a(OCoLC)85797984
=040  \\$aResP$cResP$dThomson Gale
=043  \\$an-us---$an-us-ny
=050  \4$aHT857
=090  \\$aAC1$b.S225
=100  1\$aThompson, Joseph P.$q(Joseph Parrish),$d1819-1879.
=245  10$aAbraham Lincoln, his life and its lessons$h[electronic resource] :$ba sermon, preached on Sabbath, April 30, 1865 /$cby Joseph P. Thompson.
=260  \\$aNew York :$bLoyal Publication Society,$c1865.
=300  \\$a38 p., [1] leaf of plates :$bport. ;$c23 cm.
=490  1\$aSlavery and anti-slavery: a transnational archive$5FMFIU$5FTaFA
=490  1\$aLoyal Publication Society ;$vno. 85$5FOFT
=500  \\$aReproduction of original from Huntington Library.$5FOFT
=500  \\$aSabin no. 95516.$5FMFIU$5FTaFA$5FOFT
=500  \\$aReproduction of the original from the Huntington Library. Reproduced courtesy of World Microfilms Publications.$5FMFIU$5FTaFA
=510  4\$aRLIN,$cCTRG01-B86
=533  \\$aElectronic reproduction.$bFarmington Hills, Mich. :$cGale,$d2009.$nAvailable via the World Wide Web.$nAccess limited by licensing agreements.$7s2009 miunns$5FMFIU$5FTaFA
=533  \\$aElectronic reproduction.$bFarmington Hills, Mich. :$cThomson Gale,$d2005.$nAvailable via the World Wide Web.$nAccess limited by licensing agreements.$7s2005 miunns$5FOFT
=600  10$aLincoln, Abraham,$d1809-1865$vSermons.
=630  00$aBible.$pO.T.$pSamuel, 2nd, XXIII, 3-4$vSermons.
=650  \0$aPresidents$zUnited States$vBiography.
=650  \0$aSermons, American$zNew York (N.Y.).
=650  \0$aSlavery$zUnited States$vSermons.
=655  \0$aElectronic books.
=830  \0$aSlavery and anti-slavery: a transnational archive$h[electronic resource]
=830  \0$aSlavery and anti-slavery: a transnational archive.
=856  40$uhttp://ezproxy.fiu.edu/login?url=http://find.galegroup.com/sas/infomark.do?docType=ECCO&contentSet=ECCO&type=getFullCitation&tabID=T001&prodId=SAS&version=1.0&docLevel=TEXT_GRAPHICS&resultListType=RESULT_LIST&bookId=SABCP03508100&source=library&userGroupName=miam11506$yFIU users: view content here$5FMFIU
=856  40$uhttp://find.galegroup.com/sas/infomark.do?docType=ECCO&contentSet=ECCO&type=getFullCitation&tabID=T001&prodId=SAS&version=1.0&docLevel=TEXT_GRAPHICS&resultListType=RESULT_LIST&bookId=SABCP03508100&source=library&userGroupName=flamlaw$zFull text online$5FTaFA
=856  40$yClick here for FULL TEXT from Sabin Americana$uhttps://login.ezproxy.net.ucf.edu/login?url=http://galenet.galegroup.com/servlet/Sabin?af=RN&ae=CY102712756&srchtp=a&ste=14&locID=orla57816$5FOFT
=856  40$uhttp://ezproxy.lib.usf.edu/login?url=http://find.galegroup.com/sas/infomark.do?docType=ECCO&contentSet=ECCO&type=getFullCitation&tabID=T001&prodId=SAS&version=1.0&docLevel=TEXT_GRAPHICS&resultListType=RESULT_LIST&bookId=SABCP03508100&source=library&userGroupName=tamp44898$zFull text online$yUSF ONLINE ACCESS$5FTS
=951  \\$101$aAMU01:000892800;$5FTaFA
=951  \\$107$aCFU01:002007095;$5FOFT
=951  \\$104$aFIU01:001588829;$5FMFIU

