=LDR  01542cam a2200361Ia 4500
=001  022343587
=005  20130711124230.0
=008  960718s1996\\\\iluab\\\\bc\\\000|0\eng\d
=020  \\$c(pbk.)
=035  \\$a(OCoLC)35102062
=040  \\$aWAU$cWAU$dIBT$dFDA
=043  \\$an-us-ak$an-us-il
=090  \\$aGN2$b.F4 n.s., no.26
=090  \\$aGN2$b.F4 n.s., no.26$aE78.I5
=100  1\$aVanStone, James W.
=245  14$aThe Cherry collection of Deg Hit'an (Ingalik) material culture /$cJames W. VanStone.
=260  \\$a[Chicago, Ill.] :$bField Museum of Natural History,$cc1996.
=300  \\$aiii, 58 p. :$bill., map ;$c26 cm.
=440  \0$aFieldiana.$pAnthropology,$x0071-4739 ;$vn.s., no. 27$5FU
=440  \0$aFieldiana.$pAnthropology,$x0071-4739 new ser.,$vno. 27$5FTS
=490  0\$aFieldiana. Anthropology,$x0071-4739 ;$vn.s., no. 27$5FTaSU
=490  1\$aPublication ;$v1477$5FTaSU$5FTS$5FU
=500  \\$a"Accepted January 11, 1996. Published June 28, 1996."$5FTaSU$5FTS$5FU
=504  \\$aIncludes bibliographical references (p. 21-23).
=600  10$aCherry, Marcus O.$xEthnological collections$vCatalogs.
=610  20$aField Museum of Natural History$vCatalogs.
=650  \0$aDeg Hit'an Indians$xMaterial culture$vCatalogs.
=650  \0$aIndians of North America$xMaterial culture$zAlaska$vCatalogs.
=710  2\$aField Museum of Natural History.
=830  \0$aPublication (Field Museum of Natural History) ;$v1477.
=951  \\$105$aFSU01:001563255;$5FTaSU
=951  \\$110$aSFU01:001083541;$5FTS
=951  \\$108$aUFU01:002105176;$5FU

