=LDR  01893nem a2200469 a 4500
=001  022348796
=005  20120622233100.0
=007  aj\canzn
=008  000420s2000\\\\dcudek\bd\a\\f\\0|\\eng\c
=034  1\$aa$b40000$dW0852300$eW0845700$fN0294900$gN0293500
=035  \\$a(OCoLC)43895236
=037  \\$aNSN 7642-01-401-0238$bDOD
=037  \\$a11402$bNOS
=037  \\$a11 XHA 11402$bNIMA
=040  \\$aGPO$cGPO
=042  \\$apcc
=052  \\$a9112$bM4
=052  \\$a3932$bC6
=052  \\$a3862$bG8
=052  \\$a3931
=074  \\$a0191-B-13
=086  0\$aC 55.418/7:11402/2000
=110  2\$aUnited States Coast Survey.
=245  10$aApalachicola Bay to Lake Wimico, Florida /$cCoast Survey.
=250  \\$a20th ed., Jan. 8/00.
=255  \\$aScale 1:40,000 at 29°42ʹ ;$bMercator proj.$c(W 85°23ʹ--W 84°57ʹ/N 29°49ʹ--N 29°35ʹ).
=260  \\$aWashington, D.C. :$bThe Survey ;$a[Riverdale, Md. :$bNOAA Distribution Division, N/ACC3, National Ocean Service, distributor,$c2000]
=300  \\$a1 map :$bboth sides, col. ;$c69 x 106 cm., on sheet 51 x 125 cm., folded to 26 x 13 cm.
=490  1\$aNautical chart ;$v11402$5FU
=490  1\$aIntracoastal waterway$5FU
=500  \\$aDepths shown by isolines and soundings.$5FU
=500  \\$aRelief shown by hachures.$5FU
=500  \\$aPanel title.$5FU
=500  \\$a"Soundings in feet."$5FU
=500  \\$aShipping list no.: 2000-0192-P.$5FU
=500  \\$aIncludes tide tables for St. Petersburg, Fla., 2/00 to 12/01, facilities table, nautical chart diagram, and tidal information.$5FU
=651  \0$aGulf Intracoastal Waterway$xNavigation.
=650  \0$aIntracoastal waterways$zFlorida$vMaps.
=651  \0$aMexico, Gulf of$xNavigation.
=810  2\$aUnited States Coast Survey.$tNautical chart ;$v11402.
=810  2\$aUnited States Coast Survey.$tNautical chart.$pIntracoastal waterway.
=951  \\$108$aUFU01:002554184;$5FU

