=LDR  02179nam a22004691i 4500
=001  022352990
=005  20111201093440.0
=007  he\bmb020baca
=008  930806r19771977dcu\\\\\b\\\\f000\0\eng\d
=020  \\$bpbk.
=035  \\$a(OCoLC)03610367x
=035  \\$agp 78008391
=035  \\$aocl03610367
=040  \\$dMvI$dCongressional Information Service
=040  \\$cGPO$dCongressional Information Service
=043  \\$an-us---
=050  \\$aKF49
=074  \\$a996
=086  \\$a95-1:H.doc.194
=099  \\$aCIS 77 H180-64
=099  \\$aCIS Microfiche: see note in record
=099  \\$aMicrofiche
=110  1\$aUnited States.$bPresident (1977-1981 : Carter)
=245  10$aSupplemental appropriations and budgetary amendments for the District of Columbia$hmicroform :$bcommunication from the President of the United States ...
=260  \\$aWashington :$bU.S. Govt. Print. Off.,$c1977.
=300  \\$aiii, 5 p. ;$c24 cm.
=490  1\$aHouse document - 95th Congress, 1st session ;$vno. 95-194$5FMFIU$5FTaFA$5FOFT
=490  1\$aHouse document - 95th Congress, 1st session ; no. 95-194$5FU
=500  \\$aReuse of record except for individual research requires license from LexisNexis Academic & Library Solutions.$5FTaFA
=500  \\$aCIS Microfiche Accession Numbers: CIS 77 H180-64$5FTaFA
=500  \\$aReuse of record except for individual research requires license from Congressional Information Service, Inc.$5FMFIU$5FOFT
=500  \\$aIssued July 25, 1977.$5FMFIU$5FTaFA$5FOFT$5FU
=533  \\$aMicrofiche.$b[Bethesda, Md.] :$cCongressional Information Service,$d1977.$e11 X 15 cm.$5FMFIU$5FOFT
=533  \\$aMicrofiche.$b[Bethesda, Md.] :$cLexisNexis Academic & Library Solutions,$d1977.$e11 X 15 cm.$5FTaFA
=650  \0$aBudget$zWashington (D.C.)
=651  \0$aWashington (D.C.)$xAppropriations and expenditures.
=810  1\$aUnited States.$b95th Congress, 1st session, 1977.$bHouse.$tDocument ;$vno. 95-194.
=830  \0$aHouse document (United States. Congress. House) ;$vno. 95-194.
=951  \\$101$aAMU01:000679622;$5FTaFA
=951  \\$107$aCFU01:000643450;$5FOFT
=951  \\$104$aFIU01:000557866;$5FMFIU
=951  \\$108$aUFU01:001181337;$5FU

