=LDR  00860nam a2200289 i 4500
=001  022357735
=005  20040809143315.0
=008  780801s1977\\\\enka\\\\\b\\\\000|0\eng\\
=010  \\$a   78316778 
=015  \\$aGB77-32583
=020  \\$a0852633831 :$c£0.50
=035  \\$a(OCoLC)04190036
=040  \\$aDLC$cDLC
=043  \\$ae-uk---
=050  0\$aGT733$b.L36
=082  0\$a391/.04/0941
=100  1\$aLansdell, Avril.
=245  10$aOccupational costume and working clothes, 1776-1976 /$c[by] Avril Lansdell.
=260  \\$aAylesbury :$bShire Publications,$c1977.
=300  \\$a33 p. :$bill. ;$c21 cm.
=490  0\$aShire album ;$v27$5FPeU
=490  0\$aShire album ; 27$5FU
=504  \\$aBibliography: p. [33]
=650  \0$aCostume$zGreat Britain$xHistory.
=650  \0$aWork clothes.
=951  \\$108$aUFU01:000279529;$5FU
=951  \\$111$aWFU01:000591497;$5FPeU

