=LDR  01512nam a2200325I  4500
=001  022362244
=005  20120623003400.0
=008  740404c19671941nyu\\\\\\b\\\\000|0beng\\
=010  \\$a   67018789 
=035  \\$a(OCoLC)00849275
=040  \\$aDLC$cCTL$dm.c.$dFWA
=050  0\$aPQ2103.D7$bW3 1967
=090  \\$aPQ2103.D7$bW3 1967
=100  1\$aWade, Ira Owen,$d1896-
=245  10$aVoltaire and Madame du Châtelet;$ban essay on the intellectual activity at Cirey,$cby Ira O. Wade.
=260  \\$aNew York,$bOctagon Books,$c1967 [c1941]
=300  \\$axii, 241 p.$c24 cm.
=440  \0$aPrinceton publications in Romance languages$5FTS
=490  1\$aPrinceton publications in Romance languages, [no. 1]$5FPeU
=490  1\$aPrinceton publications in Romance languages$5FMFIU$5FJUNF
=504  \\$aBibliography: p. [199]-201. "Works with which Voltaire was familiar during the Cirey period as seen in his Correspondence": p. [205]-212.
=600  10$aVoltaire,$d1694-1778$xRelationship with women.
=600  10$aDu Châtelet-Lomont, Gabrielle Émilie Le Tonnelier de Breteuil,$cmarquise,$d1706-1749.
=600  10$aDu Châtelet, Gabrielle Emilie Le Tonnelier de Breteuil,$cmarquise,$d1706-1749.
=810  2\$aPrinceton University.$tPublications in modern languages,$vno. 1
=810  2\$aPrinceton University.$tPrinceton publications in Romance languages.
=951  \\$104$aFIU01:000097753;$5FMFIU
=951  \\$109$aNFU01:000098816;$5FJUNF
=951  \\$110$aSFU01:000168025;$5FTS
=951  \\$111$aWFU01:000098333;$5FPeU

