=LDR  01636cam a2200409   4500
=001  022366555
=005  20150127081900.0
=008  740920s1973\\\\akuab\\\\s\\\\000\0\eng\\
=010  \\$a   73620227 
=020  \\$a0883530104
=035  \9$a(OCoLC)01056639
=040  \\$aDLC$cDLC$dFCM
=043  \\$an-us-ak
=050  0\$aHC107.A45$bA465 no. 37$aJK9593
=050  0\$aHC107.A45$bA465 no.37
=082  0\$a309.1/798/05 s$a324/.798
=090  \\$aHC107.A45$bA465 no.37
=090  \\$aJK9593 1973$b.M67
=092  \\$a309.1798$bA323s no.37
=100  1\$aMorehouse, Thomas A.,$d1937-
=245  13$aAn electoral profile of Alaska :$binterparty competition between 1958 and 1972 /$cby Thomas A. Morehouse and Gordon S. Harrison.
=260  \\$aFairbanks, Alaska :$bInstitute of Social, Economic and Government Research,$c1973.
=300  \\$avi, 98 p. :$bill. ;$c23 cm.
=440  \0$aISER report series ,$vno. 37$5FPeU
=440  \0$aISEGR report,$vno. 37$5FU
=490  0\$aAlaska. University. Institute of Social, Economic, and Government Research. ISEGR report$vno. 37$5FTaSU
=490  1\$aISEGR report ; no. 37$5FTaFA$5FJUNF$5FBoU
=650  \0$aElections$zAlaska.
=650  \0$aElections$zAlaska$xStatistics.
=700  1\$aHarrison, Gordon Scott$ejoint author.
=810  1\$aUniversity of Alaska (College).$bInstitute of Social, Economic, and Government Research.$tISEGR report;$vno. 37.
=951  \\$101$aAMU01:000081222;$5FTaFA
=951  \\$102$aFAU01:000127355;$5FBoU
=951  \\$105$aFSU01:000181361;$5FTaSU
=951  \\$109$aNFU01:000110087;$5FJUNF
=951  \\$108$aUFU01:000843043;$5FU
=951  \\$111$aWFU01:000107746;$5FPeU

