=LDR  01868cam a2200433   4500
=001  022371480
=005  20110531162402.0
=008  790524m19789999dcua\\\\\b\\\f000\0\eng\d
=020  \\$bpbk.
=035  \\$a(OCoLC)04998322
=040  \\$aGPO$cGPO
=074  \\$a429-T-4
=086  0\$aE 1.28:SAN-1543-
=099  \\$aE 1.28:SAN-1543-12
=100  1\$aBlazowski, W. S.
=245  10$aFundamental characterization of alternate fuel effects in continuous combustion systems /$cby W. S. Blazowski, Exxon Research and Engineering Company, Government Research Laboratories and R. B. Edelman, P. T. Harsha, Science Applications, inc.
=260  \\$a[Washington] :$bDept. of Energy ;$aSpringfield, Va. :$bfor sale by the National Technical Information Service,$c1978-
=300  \\$av. :$bill. ;$c28 cm.
=490  0\$aSAN ; 1543-12$5FTS$5FU
=490  0\$aSAN ;$v1543-12$5FOFT
=500  \\$aMONTHLY CATALOG NUMBER: gp 79018077$5FTS
=500  \\$aOn cover: Fossil energy.$5FTS$5FU$5FOFT
=500  \\$aPrepared for the Dept. of Energy under contract no. EC-77-C-03-1543.$5FTS$5FU$5FOFT
=500  \\$aSept. 11, 1978.$5FTS$5FU$5FOFT
=504  \\$aIncludes bibliographical references.
=505  0\$aSummary technical progress report, August 15, 1977-August 14, 1978.$5FTS$5FU$5FOFT
=650  \0$aSynthetic fuels.
=650  \0$aCombustion$xEnvironmental aspects.
=650  \0$aFurnaces$xCombustion.
=700  1\$aEdelman, R. B.$q(Raymond B.)
=700  1\$aHarsha, P. T.
=700  1\$aEdelman, R. B.$q(Raymond B.)$ejoint author.
=700  1\$aHarsha, P. T.,$ejoint author.
=710  1\$aUnited States.$bDepartment of Energy
=710  2\$aScience Applications, inc.
=710  2\$aExxon Research and Engineering Company.$bGovernment Research Laboratories.
=951  \\$107$aCFU01:001423839;$5FOFT
=951  \\$110$aSFU01:000576395;$5FTS
=951  \\$108$aUFU01:001205698;$5FU

