=LDR  02810nam a2200601Ii 4500
=001  022376461
=005  20131018082135.0
=008  761005s1975\\\\flua\\\\\b\\\s000\0\eng\\
=010  \\$a   76622157 //r862
=035  \\$a000225881
=035  \\$a(OCoLC)02146782
=040  \\$aGIS$cGIS$dFUG
=043  \\$an-us-fl
=050  0\$aGB1199.3.F6$bK6
=082  0\$a627/.56/0975924
=090  \\$aQE99$b.A5 no.72
=092  \\$a557.59$bF636r, no.72
=099  \\$aNR.I3:$aR4/72
=099  \9$aNR.I 3:R 4/72/975
=100  1\$aKnochenmus, Darwin D.
=245  10$aHydrologic concepts of artificially recharging the Floridan aquifer$bin eastern Orange County, Florida - a feasibility study /$cby Darwin D. Knochenmus.
=260  \\$aTallahassee :$bState of Florida, Dept. of Natural Resources, Division of Resource Management, Bureau of Geology,$c1975.
=300  \\$avii, 36 p. :$bill., maps ;$c23 cm.
=490  0\$aReport of investigations - Florida Bureau of Geology$v72$5FTaSU
=490  1\$aReport of investigations,$vno. 72$5FOFT
=490  1\$aReport of investigations - State of Florida, Bureau of Geology ;$vno. 72
=490  1\$aReport of investigations - Florida Bureau of Geology ; no. 72$5FU
=500  \\$a"Prepared by United States Geological Survey, in cooperation with the Bureau of Geology, Florida Dept. of Natural Resources, and the Central and Southern Florida Flood Control District."
=504  \\$aBibliography: p. 36.
=530  \\$aElectronic reproduction of copy from George A. Smathers Libraries, University of Florida also available.$5FU
=650  \0$aArtificial recharge of groundwater.
=650  \0$aGroundwater$zFlorida$zOrange County
=650  \0$aWater-supply$zFlorida$zOrange County.
=650  \0$aGroundwater$zFlorida$zOrange County$xArtificial recharge.
=650  \0$aAquifers$zFlorida$zOrange County.
=650  \0$aArtificial recharge of groundwater$zFlorida$zOrange County.
=650  \0$aWater quality$zFlorida$zOrange County.
=650  \0$aArtificial groundwater recharge.
=650  \0$aArtificial groundwater recharge$zFlorida$zOrange County.
=651  \0$aCentral and Southern Florida Flood Control District (Fla.)
=690  \\$aWater quality$zFlorida$zOrange County$5FU
=710  1\$aCentral and Southern Florida Flood Control District (Fla.)
=710  2\$aFloridiana Collection.$5FTS
=710  2\$aGeological Survey (U.S.)
=830  \0$aReport of investigation (Florida. Bureau of Geology) ;$vno. 72.
=856  4\$uhttp://ufdc.ufl.edu/UF00001259$yClick here for full text
=098  97$aNR.I3:R4/72/975
=951  \\$107$aCFU01:000125783;$5FOFT
=951  \\$105$aFSU01:000270096;$5FTaSU
=951  \\$109$aNFU01:000307909;$5FJUNF
=951  \\$110$aSFU01:001068245;$5FTS
=951  \\$108$aUFU01:000225881;$5FU
=951  \\$111$aWFU01:000355584;$5FPeU

