=LDR  01520nam a2200349   4500
=001  022382637
=005  20101023120437.0
=008  740320s1973\\\\cau\\\\\\b\\\\000|0\eng\\
=010  \\$a73089066  
=020  \\$a0803903715
=035  \\$a(OCoLC)00866195
=040  \\$aDLC$cDLC$dFUG
=050  0\$aJF60$b.E38
=082  0\$a320.9/172/4
=099  \\$a300.8$aS129$av.1$ano.90-003
=100  1\$aEisenstadt, S. N.$q(Shmuel Noah),$d1923-2010.
=245  10$aTraditional patrimonialism and modern neopatrimonialism$c[by] S. N. Eisenstadt.
=260  \\$aBeverly Hills [Calif.]$bSage Publications$c[1973]
=300  \\$a95 p.$c22 cm.
=440  \0$aSage research papers in the social sciences.$pStudies in comparative modernization series$5FBoU
=490  0\$aSage research papers in social sciences, ser. no. 90-003$5FPeU$5FOFT$5FBoU
=490  0\$aStudies in comparative modernization series$5FPeU$5FOFT
=490  1\$aSage research papers in the social sciences. Studies in comparative modernization series ;$vser. no. 90-003, v. 1$5FU
=504  \\$aBibliography: p. 82-93.
=651  \0$aDeveloping countries$xPolitics and government.
=651  \0$aDeveloping countries$xSocial conditions.
=830  \0$aSage research papers in the social sciences ;$vno. 90-003.
=830  \0$aSage research papers in the social sciences.$pStudies in comparative modernization series.
=951  \\$107$aCFU01:000087439;$5FOFT
=951  \\$102$aFAU01:000115266;$5FBoU
=951  \\$108$aUFU01:000210593;$5FU
=951  \\$111$aWFU01:000099045;$5FPeU

