=LDR  02144nam a22004691i 4500
=001  022387887
=005  20111201094740.0
=007  he\bmb020baca
=008  930806r19771977dcu\\\\\b\\\\f000\0\eng\d
=020  \\$bpbk.
=035  \\$a(OCoLC)02867110x
=035  \\$agp 77014262
=035  \\$aocl02867110
=040  \\$dMvI$dCongressional Information Service
=040  \\$aULL$cULL$dGPO$dCongressional Information Service
=043  \\$an-us---
=050  \\$aKF49
=074  \\$a996
=086  \\$a95-1:H.doc.105
=099  \\$aCIS 77 H560-11
=099  \\$aCIS Microfiche: see note in record
=099  \\$aMicrofiche
=110  1\$aUnited States.$bPresident (1977-1981 : Carter)
=245  10$aOil pollution$hmicroform :$bmessage from the President of the United States transmitting proposals to deal with oil spills.
=260  \\$aWashington :$bU.S. Govt. Print. Off.,$c1977.
=300  \\$a2 p. ;$c24 cm.
=490  1\$aHouse document - 95th Congress, 1st session ;$vno. 95-105$5FMFIU$5FTaFA$5FOFT
=490  1\$aHouse document - 95th Congress, 1st session ; no. 95-105$5FU
=500  \\$aReuse of record except for individual research requires license from LexisNexis Academic & Library Solutions.$5FTaFA
=500  \\$aCIS Microfiche Accession Numbers: CIS 77 H560-11$5FTaFA
=500  \\$aReuse of record except for individual research requires license from Congressional Information Service, Inc.$5FMFIU$5FOFT
=500  \\$aIssued Mar. 22, 1977.$5FMFIU$5FTaFA$5FOFT$5FU
=533  \\$aMicrofiche.$b[Bethesda, Md.] :$cCongressional Information Service,$d1977.$e11 X 15 cm.$5FMFIU$5FOFT
=533  \\$aMicrofiche.$b[Bethesda, Md.] :$cLexisNexis Academic & Library Solutions,$d1977.$e11 X 15 cm.$5FTaFA
=650  \0$aOil spills$zUnited States.
=650  \0$aOil pollution of the sea$zUnited States.
=810  1\$aUnited States.$b95th Congress, 1st session, 1977.$bHouse.$tDocument ;$vno. 95-105.
=830  \0$aHouse document (United States. Congress. House) ;$vno. 95-105.
=951  \\$101$aAMU01:000680594;$5FTaFA
=951  \\$107$aCFU01:000644423;$5FOFT
=951  \\$104$aFIU01:000558839;$5FMFIU
=951  \\$108$aUFU01:001174164;$5FU

