=LDR  02074ccm a2200433Ia 4500
=001  022393363
=005  20141021104100.0
=008  860731s1986\\\\ru\mum\\\dhi\\\n\|\\rusod
=028  22$a12889$bIzd-vo Muzyka
=028  22$a12889$bIzdatelʹstvo Muzyka
=035  \\$a(OCoLC)13993954
=040  \\$aSNN$cSNN$dIUG$dOCL$dFUG
=041  0\$arus$gruseng
=045  \\$ax3x7
=047  \\$asg$amp
=090  \\$aM3$b.K52 1982 t. 24
=100  1\$aKhachaturi︠a︡n, Aram,$d1903-1978.
=240  10$aVocal music.$kSelections
=245  00$aSochinenii︠a︡ dli︠a︡ golosa i khora s fortepiano /$cAram Khachaturi︠a︡n.
=260  \\$aMoskva :$bIzd-vo Muzyka,$c1986.
=300  \\$a1 score (240 p.) :$bport. ;$c30 cm.
=490  1\$aSobranie sochineniĭ / Aram Khachaturi︠a︡n ;$vt. 24$5FU$5FTaSU
=490  1\$aSobranie sochineniĭ / Aram Khachaturi︠a︡n ;$vv. 24$5FOFT
=500  \\$aComprises vocal scores of vocal-symphonic works, "original songs and arrangements for voice and chorus with piano accompaniment, and vocal and choral items from incidental music to films and plays ..."--Editor's note.$5FU$5FTaSU$5FOFT
=500  \\$aMainly Russian words; in part also printed as text.$5FU$5FTaSU$5FOFT
=500  \\$aParallel title on verso of t.p.: Works for voice and chorus with piano accompaniment.$5FU$5FTaSU$5FOFT
=500  \\$aEditor's note in Russian and English, on p. [8]-13.$5FU$5FTaSU$5FOFT
=500  \\$aDistributor from label pasted on t.p.$5FTaSU$5FOFT
=500  \\$aRomanized record.$5FTaSU$5FOFT
=650  \0$aChoruses, Secular (Mixed voices) with orchestra$vVocal scores with piano.
=650  \0$aSongs with orchestra$vVocal scores with piano.
=650  \0$aSongs with piano.
=650  \0$aMotion picture music$vExcerpts, Arranged.
=650  \0$aVocal music.
=650  \0$aMotion picture music$vExcerpts, Arranged$vVocal scores with piano.
=800  1\$aKhachaturi︠a︡n, Aram,$d1903-1978.$tWorks.$f1982.$sMuzyka ;$vt. 24.
=951  \\$107$aCFU01:000301809;$5FOFT
=951  \\$105$aFSU01:001070100;$5FTaSU
=951  \\$108$aUFU01:002555429;$5FU

