=LDR  02146nam a22004691i 4500
=001  022398257
=005  20111201095112.0
=007  he\bmb020baca
=008  930806r19771977dcu\\\\\b\\\\f000\0\eng\d
=020  \\$bpbk.
=035  \\$a(OCoLC)03278256x
=035  \\$agp 77016893
=035  \\$aocl03278256
=040  \\$dMvI$dCongressional Information Service
=040  \\$aGPO$cGPO$dCongressional Information Service
=043  \\$an-us---
=050  \\$aKF49
=074  \\$a1008-A
=086  \\$a95-1:H.rp.504
=099  \\$aCIS 77 H703-12
=099  \\$aCIS Microfiche: see note in record
=099  \\$aMicrofiche
=110  1\$aUnited States.$bCongress.
=245  10$aNational Science Foundation authorization act, fiscal year 1978$hmicroform :$bconference report to accompany H.R. 4991.
=260  \\$a[Washington :$bU.S. Govt. Print. Off.,$c1977]
=300  \\$a16 p. ;$c24 cm.
=490  1\$aHouse report - 95th Congress, 1st session ;$vno. 95-504$5FMFIU$5FTaFA$5FOFT
=490  1\$aHouse report - 95th Congress, 1st session ; no. 95-504$5FU
=500  \\$aCaption title.$5FMFIU$5FTaFA$5FOFT$5FU
=500  \\$aIssued July 20, 1977.$5FMFIU$5FTaFA$5FOFT$5FU
=500  \\$aReuse of record except for individual research requires license from Congressional Information Service, Inc.$5FMFIU$5FOFT
=500  \\$aCIS Microfiche Accession Numbers: CIS 77 H703-12$5FTaFA
=500  \\$aReuse of record except for individual research requires license from LexisNexis Academic & Library Solutions.$5FTaFA
=533  \\$aMicrofiche.$b[Bethesda, Md.] :$cLexisNexis Academic & Library Solutions,$d1977.$e11 X 15 cm.$5FTaFA
=533  \\$aMicrofiche.$b[Bethesda, Md.] :$cCongressional Information Service,$d1977.$e11 X 15 cm.$5FMFIU$5FOFT
=610  20$aNational Science Foundation (U.S.)$xAppropriations and expenditures.
=810  1\$aUnited States.$b95th Congress, 1st session, 1977.$bHouse.$tReport ;$vno. 95-504.
=810  1\$aUnited States.$bCongress.$bHouse.$tReport ;$vno. 95-504.
=951  \\$101$aAMU01:000680906;$5FTaFA
=951  \\$107$aCFU01:000644735;$5FOFT
=951  \\$104$aFIU01:000559151;$5FMFIU
=951  \\$108$aUFU01:001176047;$5FU

