=LDR  02211nam a22004931i 4500
=001  022404452
=005  20111201095336.0
=007  he\bmb020baca
=008  930806r19771977dcu\\\\\b\\\\f000\0\eng\d
=020  \\$bpbk.
=035  \\$a(OCoLC)03528664x
=035  \\$agp 78005683
=035  \\$aocl03528664
=040  \\$dMvI$dCongressional Information Service
=040  \\$cGPO$dCongressional Information Service
=043  \\$an-us---
=050  \\$aKF49
=074  \\$a1008-A
=086  \\$a95-1:H.rp.80
=099  \\$aCIS 77 H783-5
=099  \\$aCIS Microfiche: see note in record
=099  \\$aMicrofiche
=110  1\$aUnited States.$bCongress.$bHouse.$bCommittee on Ways and Means.
=245  10$aDuty-free entry of carillon bells for Smith College, Northampton, Mass.$hmicroform :$breport to accompany H.R. 1404.
=260  \\$a[Washington :$bU.S. Govt. Print. Off.,$c1977].
=300  \\$a2 p. ;$c24 cm.
=490  1\$aHouse report - 95th Congress, 1st session ;$vno. 95-80$5FMFIU$5FTaFA$5FOFT
=490  1\$aHouse report - 95th Congress, 1st session ; no. 95-80$5FU
=500  \\$aReuse of record except for individual research requires license from LexisNexis Academic & Library Solutions.$5FTaFA
=500  \\$aCIS Microfiche Accession Numbers: CIS 77 H783-5$5FTaFA
=500  \\$aReuse of record except for individual research requires license from Congressional Information Service, Inc.$5FMFIU$5FOFT
=500  \\$aIssued Mar. 15, 1977.$5FMFIU$5FTaFA$5FOFT$5FU
=500  \\$aCaption title.$5FMFIU$5FTaFA$5FOFT$5FU
=533  \\$aMicrofiche.$b[Bethesda, Md.] :$cCongressional Information Service,$d1977.$e11 X 15 cm.$5FMFIU$5FOFT
=533  \\$aMicrofiche.$b[Bethesda, Md.] :$cLexisNexis Academic & Library Solutions,$d1977.$e11 X 15 cm.$5FTaFA
=610  20$aSmith College.
=650  \0$aDuty-free importation$zUnited States.
=650  \0$aCarillons$zUnited States.
=810  1\$aUnited States.$bCongress.$bHouse.$tReport ;$vno. 95-80.
=810  1\$aUnited States.$b95th Congress, 1st session, 1977.$bHouse.$tReport ;$vno. 95-80.
=951  \\$101$aAMU01:000681090;$5FTaFA
=951  \\$107$aCFU01:000644919;$5FOFT
=951  \\$104$aFIU01:000559335;$5FMFIU
=951  \\$108$aUFU01:001179307;$5FU

