=LDR  01341nam a2200325Ia 4500
=001  022410838
=005  20120622233300.0
=008  900628s1989\\\\au\af\\\\bc\\\000|0\ger\d
=020  \\$a3700115628
=035  \\$a(OCoLC)21940908
=040  \\$aWAU$cWAU
=043  \\$ae-au---
=090  \\$aCJ817.A98$bK56 1989
=092  \\$a063 A3136d Bd.202
=100  1\$aAlram, Michael.
=245  14$aDie Münzsammlung des Augustiner-Chorherrenstiftes Klosterneuburg /$cMichael Alram, Roswitha Denk und Wolfgang Szaivert.
=260  \\$aWien :$bÖsterreichische Akademie der Wissenschaften,$c1989.
=300  \\$a232 p., 39 p. of plates :$bill. ;$c30 cm.
=440  \0$aThesaurus nummorum Romanorum et Byzantinorum ;$vBd. 6$5FTaSU
=490  0\$aDenkschriften / Österreichische Akademie der Wissenschaften. Philosophisch-Historische Klasse ;$v202. Bd.$5FTaSU
=490  1\$aVeröffentlichungen der Numismatischen Kommission ;$vBd. 23$5FTaSU
=504  \\$aIncludes bibliographical references (p. [15]-17).
=610  20$aStift Klosterneuburg$xCoin collections$vCatalogs.
=650  \0$aCoins, Roman$vCatalogs.
=650  \0$aCoins, Byzantine$vCatalogs.
=700  1\$aDenk, Roswitha.
=700  1\$aSzaivert, Wolfgang.
=710  2\$aStift Klosterneuburg.
=830  \0$aVeröffentlichungen der Numismatischen Kommission ;$v23.
=951  \\$105$aFSU01:001062434;$5FTaSU

