=LDR  02275nam a22004811i 4500
=001  022416972
=005  20111201095859.0
=007  he\bmb020baca
=008  930806r19771977dcu\\\\\b\\\\f000\0\eng\d
=020  \\$bpbk.
=035  \\$a(OCoLC)03116603x
=035  \\$agp 77014354
=035  \\$aocl03116603
=040  \\$dMvI$dCongressional Information Service
=040  \\$aGPO$cGPO$dCongressional Information Service
=043  \\$an-us---
=050  \\$aKF49
=074  \\$a996
=086  \\$a95-1:S.doc.42
=099  \\$aCIS 77 S180-32
=099  \\$aCIS Microfiche: see note in record
=099  \\$aMicrofiche
=110  1\$aUnited States.$bGeneral Accounting Office.
=245  10$aReport on certain deferrals$hmicroform :$bcommunication from the Comptroller General of the United States ...
=260  \\$aWashington :$bU.S. Govt. Print. Off.,$c1977.
=300  \\$a2 p. ;$c24 cm.
=490  1\$aSenate document - 95th Congress, 1st session ;$vno. 95-42$5FMFIU$5FTaFA$5FOFT
=490  1\$aSenate document - 95th Congress, 1st session ; no. 95-42$5FU
=500  \\$aReuse of record except for individual research requires license from LexisNexis Academic & Library Solutions.$5FTaFA
=500  \\$aCIS Microfiche Accession Numbers: CIS 77 S180-32$5FTaFA
=500  \\$aReuse of record except for individual research requires license from Congressional Information Service, Inc.$5FMFIU$5FOFT
=500  \\$aIssued May 9, 1977.$5FMFIU$5FTaFA$5FOFT$5FU
=500  \\$a"(EC 1279)."$5FMFIU$5FTaFA$5FOFT$5FU
=533  \\$aMicrofiche.$b[Bethesda, Md.] :$cCongressional Information Service,$d1977.$e11 X 15 cm.$5FMFIU$5FOFT
=533  \\$aMicrofiche.$b[Bethesda, Md.] :$cLexisNexis Academic & Library Solutions,$d1977.$e11 X 15 cm.$5FTaFA
=610  10$aUnited States.$bMaritime Administration$xAppropriations and expenditures.
=610  10$aUnited States.$bEnergy Research and Development Administration$xAppropriations and expenditures.
=810  1\$aUnited States.$b95th Congress, 1st session, 1977.$bSenate.$tDocument ;$vno. 95-42.
=830  \0$aSenate document (United States. Congress. Senate) ;$vno. 95-42.
=951  \\$101$aAMU01:000681493;$5FTaFA
=951  \\$107$aCFU01:000645320;$5FOFT
=951  \\$104$aFIU01:000559737;$5FMFIU
=951  \\$108$aUFU01:001174250;$5FU

