=LDR  02152nam a22004331i 4500
=001  022424251
=005  20111201100158.0
=007  he\bmb020baca
=008  901213r19771976dcu\\\\\b\\\\f000\0\eng\d
=020  \\$bpbk.
=035  \\$a(OCoLC)02632005x
=035  \\$aocl02632005
=035  \\$agp 77002384
=040  \\$aGPO$cGPO$dMvI-ocm$dCongressional Information Service
=050  \\$aKF49
=074  \\$a1041
=086  \\$aY 4.C 73/2:94-94
=099  \\$aCIS 77 S261-3
=099  \\$aCIS Microfiche: see note in record
=099  \\$aMicrofiche
=110  1\$aUnited States.$bCongress.$bSenate.$bCommittee on Commerce.$bAviation Subcommittee.
=245  10$aAmend the Federal aviation act of 1958 relating to tariff changes$hmicroform :$bhearing before the Subcommittee on Aviation of the Committee on Commerce, United States Senate, Ninety-fourth Congress, second session, on H.R. 7017 ... July 22, 1976 ...
=260  \\$aWashington :$bU.S. Govt. Print. Off.,$c1976.
=300  \\$aiii, 36 p. ;$c24 cm.
=490  0\$aSerial - Senate, Committee on Commerce ;$vno. 94-94$5FMFIU$5FTaFA$5FOFT
=490  1\$aSerial - Senate, Committee on Commerce ; no. 94-94$5FU
=500  \\$aReuse of record except for individual research requires license from LexisNexis Academic & Library Solutions.$5FTaFA
=500  \\$aCIS Microfiche Accession Numbers: CIS 77 S261-3$5FTaFA
=500  \\$aReuse of record except for individual research requires license from Congressional Information Service, Inc.$5FMFIU$5FOFT
=533  \\$aMicrofiche.$b[Bethesda, Md.] :$cCongressional Information Service,$d1977.$e11 X 15 cm.$5FMFIU$5FOFT
=533  \\$aMicrofiche.$b[Bethesda, Md.] :$cLexisNexis Academic & Library Solutions,$d1977.$e11 X 15 cm.$5FTaFA
=650  \0$aAirlines$zUnited States$xRates.
=650  \0$aAeronautics, Commercial$xTaxation$zUnited States.
=650  \0$aTariff$zUnited States.
=810  1\$aUnited States.$bCongress.$bSenate.$bCommittee on Commerce.$tSerial, 94th Congress ;$vno. 94-94.
=951  \\$101$aAMU01:000681705;$5FTaFA
=951  \\$107$aCFU01:000645532;$5FOFT
=951  \\$104$aFIU01:000559949;$5FMFIU
=951  \\$108$aUFU01:001166585;$5FU

