=LDR  01860nam a2200277I  4500
=001  022429562
=005  20120623053400.0
=008  740124s1921\\\\enk\\\\\\\\\\\000|1\eng\d
=035  \\$a(OCoLC)00782076
=040  \\$cWOO$dFXG
=090  \\$aPZ1$b.S464
=090  \\$aPN6014$b.S4
=090  \\$aPR1301$b.S46 1921
=245  00$aSelected English short stories,$bXIX and XX centuries (Second series)
=260  \\$a[London]$bH. Milford, Oxford university press$c[1921]
=300  \\$aix, 483 p.$c16 cm.
=440  \4$aThe World's classics,$v228$5FTS
=490  0\$aThe world's classics, CCXXVIII$5FMFIU
=490  1\$aThe world's classics,$vCCXXVIII$5FOFT
=505  0\$aLamb, M. A. The sailor uncle.--Lamb, Charles. First going to church.--Hawthorne, Nathaniel. The maypole of Merry Mount. The grey champion. Roger Malvin's burial. Old Esther Dudley.--Poe, E. A. The purloined letter. The cask of amontillado.--Dickens, Charles. The Holly tree.--Collins, W. W. A terribly strange bed.--White, W. H. The sweetness of a man's friend.--Garnett, Richard. Ananda the miracle worker.--Harte, F. B. The outcasts of Poker Flat. How Santa Claus came to Simpson's Bar.--Grant, Charles. Peppiniello.--Bierce, Ambrose. A horseman in the sky.--James, Henry. Owen Wingrave. Four meetings.--Stevenson, R. L. The Sire de Malétroit's door.--Wilde, Oscar. The birthday of the Infanta.--Gissing, George. A poor gentleman.--Harland, Henry. The house of Eulalie.--Porter, W. S. The gift of the magi. A municipal report. Madame Bo-Peep, of the ranches.--Gilchrist, R. M. The gap in the wall. A witch in the peak.--Cornish, G. W. The stowaway.$5FMFIU$5FTS$5FOFT
=650  \0$aShort stories, English.
=650  \0$aShort stories, American.
=830  \0$aWorld's classics ;$v228.
=951  \\$107$aCFU01:000823988;$5FOFT
=951  \\$104$aFIU01:000094161;$5FMFIU
=951  \\$110$aSFU01:000161062;$5FTS

