=LDR  00686nam a2200205M  4500
=001  022435689
=005  20120622233400.0
=008  850124s1968\\\\xx\\\\\\\\\\\\000|0\eng\d
=035  \\$a(OCoLC)16777679
=040  \\$aUBY$cUBY$dm.c.
=099  \\$a332.673$aE71s$ano.1
=110  2\$aErnst & Ernst.
=245  14$aThe foreign direct investment program :$ba special report.
=260  \\$a<s.l.> :$bErnst and Ernst,$c1968.
=300  \\$a62 p. :$bill. ;$c28 cm.
=490  1\$aSpecial report / Ernst & Ernst ;$vno.1$5FU
=490  0\$aInternational business series / Ernst & Ernst$5FU
=650  \0$aInvestments, American.
=830  \0$aSpecial report (Ernst & Ernst) ;$vno. 1
=951  \\$108$aUFU01:001557431;$5FU

