=LDR  00901nam a2200265I  4500
=001  022442886
=005  20150127184400.0
=008  750702|1959|||||||\\\\\\\\\\||||\||eng\u
=035  \\$a(OCoLC)01425172
=040  \\$cORL$dm.c.$dFHC
=090  \\$aB3955$b.A1 1959
=090  \\$aB3973.E5$bB6 1959
=092  \\$a171$bSpi
=100  1\$aSpinoza, Benedictus de,$d1632-1677.
=245  10$aSpinoza's Ethics and$bOn the correction of the understanding.$cTranslated by Andrew Boyle. Introduction by T. S. Gregory.
=250  \\$a[Rev. trans.]
=260  \\$aLondon,$bDent$aNew York,$bDutton$c[1959]
=300  \\$a267 p.$c19 cm.
=490  0\$aEveryman's library.$5FSsNC
=490  0\$aEveryman's Library. Religion and philosophy. [no. 481]$5FJUNF
=504  \\$aBibliography: p. xix-xx.
=650  \0$aEthics.
=700  1\$aBoyle, Andrew$etr.
=951  \\$106$aNCU01:000079862;$5FSsNC
=951  \\$109$aNFU01:000123787;$5FJUNF

