=LDR  02092nam a22004691i 4500
=001  022449940
=005  20111201101231.0
=007  he\bmb020baca
=008  930806r19771977dcu\\\\\b\\\\f000\0\eng\d
=020  \\$bpbk.
=035  \\$a(OCoLC)03466137x
=035  \\$agp 78005921
=035  \\$aocl03466137
=040  \\$dMvI$dCongressional Information Service
=040  \\$aGPO$cGPO$dCongressional Information Service
=043  \\$an-us---
=050  \\$aKF49
=074  \\$a1008-A
=086  \\$a95-1:S.rp.376
=099  \\$aCIS 77 S523-37
=099  \\$aCIS Microfiche: see note in record
=099  \\$aMicrofiche
=110  1\$aUnited States.$bCongress.$bSenate.$bCommittee on the Judiciary.
=245  10$aAMVETS$hmicroform :$breport to accompany H.R. 1952.
=260  \\$a[Washington :$bU.S. Govt. Print. Off.,$c1977]
=300  \\$a8 p. ;$c24 cm.
=490  1\$aSenate report - 95th Congress, 1st session ;$vno. 95-376$5FMFIU$5FTaFA$5FOFT
=490  1\$aSenate report - 95th Congress, 1st session ; no. 95-376$5FU
=500  \\$aCaption title.$5FMFIU$5FTaFA$5FOFT$5FU
=500  \\$aIssued Aug. 1, 1977.$5FMFIU$5FTaFA$5FOFT$5FU
=500  \\$aReuse of record except for individual research requires license from Congressional Information Service, Inc.$5FMFIU$5FOFT
=500  \\$aCIS Microfiche Accession Numbers: CIS 77 S523-37$5FTaFA
=500  \\$aReuse of record except for individual research requires license from LexisNexis Academic & Library Solutions.$5FTaFA
=533  \\$aMicrofiche.$b[Bethesda, Md.] :$cLexisNexis Academic & Library Solutions,$d1977.$e11 X 15 cm.$5FTaFA
=533  \\$aMicrofiche.$b[Bethesda, Md.] :$cCongressional Information Service,$d1977.$e11 X 15 cm.$5FMFIU$5FOFT
=610  20$aAmerican Veterans of World War II and Korea.
=810  1\$aUnited States.$b95th Congress, 1st session, 1977.$bSenate.$tReport ;$vno. 95-376.
=810  1\$aUnited States.$bCongress.$bSenate.$tReport$vno. 95-376.
=951  \\$101$aAMU01:000682455;$5FTaFA
=951  \\$107$aCFU01:000646284;$5FOFT
=951  \\$104$aFIU01:000560702;$5FMFIU
=951  \\$108$aUFU01:001179535;$5FU

