=LDR  02112nam a22004451i 4500
=001  022456431
=005  20111201101500.0
=007  he\bmb020baca
=008  901213r19781977dcua\\\\bb\\\f000\0\eng\d
=020  \\$bpbk. :$c{dollar}4.25
=035  \\$a(OCoLC)03441433x
=035  \\$aocl03441433
=035  \\$agp 78002233
=040  \\$aGPO$cGPO$dCongressional Information Service
=043  \\$an-us---
=050  \\$aKF49
=074  \\$a1009
=086  \\$aY 4.Ag 4/2:Ad 9
=099  \\$aCIS 78 H141-3
=099  \\$aCIS Microfiche: see note in record
=099  \\$aMicrofiche
=110  1\$aUnited States.$bCongress.$bHouse.$bSelect Committee on Aging.
=245  14$aThe national crisis in adult care homes$hmicroform :$bhearing before the Select Committee on Aging, House of Representatives, Ninety-fifth Congress, first session, June 8, 1977.
=260  \\$aWashington :$bU.S. Govt. Print. Off.,$c1977.
=300  \\$aiv, 383 p. :$bill. ;$c24 cm.
=490  0\$aSerial - House, Select Committee on Aging ;$vno. 95-98$5FMFIU$5FTaFA$5FOFT
=490  1\$aSerial - House, Select Committee on Aging ; no. 95-98$5FU
=500  \\$aReuse of record except for individual research requires license from LexisNexis Academic & Library Solutions.$5FTaFA
=500  \\$aCIS Microfiche Accession Numbers: CIS 78 H141-3$5FTaFA
=500  \\$aReuse of record except for individual research requires license from Congressional Information Service, Inc.$5FMFIU$5FOFT
=504  \\$aBibliography: p. 361.
=533  \\$aMicrofiche.$b[Bethesda, Md.] :$cCongressional Information Service,$d1978.$e11 X 15 cm.$5FMFIU$5FOFT
=533  \\$aMicrofiche.$b[Bethesda, Md.] :$cLexisNexis Academic & Library Solutions,$d1978.$e11 X 15 cm.$5FTaFA
=650  \0$aNursing homes$zUnited States$xAdministration.
=650  \0$aOld age homes$xLaw and legislation$zUnited States.
=810  1\$aUnited States.$bCongress.$bHouse.$bSelect Committee on Aging.$tSerial, 95th Congress ;$vno. 95-98.
=951  \\$101$aAMU01:000686681;$5FTaFA
=951  \\$107$aCFU01:000646483;$5FOFT
=951  \\$104$aFIU01:000560901;$5FMFIU
=951  \\$108$aUFU01:001178026;$5FU

