=LDR  01529nam a2200373 i 4500
=001  022461360
=005  20140516054500.0
=008  790906s1979\\\\mdua\\\\\b\\\f000|0\eng\d
=020  \\$bpbk.
=035  \\$a(OCoLC)05346057
=040  \\$aGPO$cGPO
=043  \\$an-us---
=074  \\$a444-K-3
=086  0\$aHE 1.54:13
=099  \\$aHE 1.54:13
=110  2\$aNorthern Illinois University.$bCenter for Governmental Studies.
=245  10$aDimensions of services integration :$bservice delivery, program linkage, policy management, organizational structure.
=260  \\$a[Rockville, Md. :$bDept. of Health, Education, and Welfare, Office of Assistant Secretary for Planning and Evaluation], Project Share,$c1979.
=300  \\$aix, 187 p. :$bill. ;$c27 cm.
=440  \0$aDHEW publication ;$vno. (OS) 76-130$5FMFIU
=440  \0$aHuman services monograph series ;$vno. 13$5FTS$5FMFIU$5FPeU
=490  1\$aHuman services monograph series ;$vno. 13$5FU
=490  1\$aDHEW publication ; no. (OS) 76-130$5FTS$5FU$5FPeU
=500  \\$aMONTHLY CATALOG NUMBER: gp 79020282$5FTS$5FMFIU
=500  \\$aApril 1979.$5FTS$5FU$5FMFIU$5FPeU
=504  \\$aBibliography: p. 173-187.
=650  \0$aSocial service$zUnited States.
=710  2\$aProject Share.
=830  \0$aDHEW publication$vno. (OS) 76-130.
=830  \0$aDHEW publication$vno. (OS) 76-130.
=830  \0$aHuman services monograph series (Project Share) ;$vno. 13.
=951  \\$104$aFIU01:000278809;$5FMFIU
=951  \\$108$aUFU01:001207280;$5FU
=951  \\$111$aWFU01:000299315;$5FPeU

