=LDR  01594cam a2200325I  4500
=001  022466204
=005  20080520123430.0
=008  721017s1965\\\\sp\\\\\\\b\\\\000\0\spa\d
=010  \\$a68045169
=019  \\$a14029675
=035  \\$a(OCoLC)00445711
=040  \\$aOUN$cOUN$dOCL$dUPM$dOCLCQ$dDIBAM$dFUG
=050  \\$aPQ6437.V4$bZ6
=090  \\$aPQ6437.V4$bZ6
=100  1\$aAguirre, J. M.
=245  10$aJosé de Valdivielso y la poesía religiosa tradicional$b[por] J.M. Aguirre.
=260  \\$aToledo,$bDiputación Provincial,$c1965.
=300  \\$a222 p.$c21 cm.
=490  1\$aPublicaciones del Instituto Provincial de Investigaciones y Estudios Toledanos. Sección primera: Monografías, v. 2$5FTaSU
=490  1\$aPublicaciones del Instituto Provincial de Investigaciones y Estudios Toledanos. Sección primera: Monografías,$vv. 2$5FU
=500  \\$aAt head of title: Patronato "José María Quadrado" del Consejo Superior de Investigaciones Científicas.$5FTaSU$5FU
=504  \\$aBibliography: p. [181]-214.
=600  10$aValdivielso, José de,$d1560-1638.
=600  17$aVALDIVIELSO, JOSE DE,$d1560-1638$xCRITICA E INTERPRETACION.$2renib
=650  \0$aReligious poetry, Spanish.
=650  \7$aPOESIA RELIGIOSA ESPAÑOLA$xHISTORIA Y CRITICA.$2renib
=810  2\$aInstituto Provincial de Investigaciones y Estudios Toledanos.$tPublicaciones, Sección primera: Monografías ;$vv. 2.
=830  \0$aPublicaciones del Instituto Provincial de Investigaciones y Estudios Toledanos.$nSerie primera,$pMonografías ;$vv. 2.
=951  \\$105$aFSU01:000099278;$5FTaSU
=951  \\$108$aUFU01:000812664;$5FU

