=LDR  00871nam a2200277I  4500
=001  022472458
=005  20120623003100.0
=008  740218s1966\\\\le\\\\\\\b\\\\00\|0\eng\\
=010  \\$a   67007316 
=035  \\$a(OCoLC)00806957
=040  \\$cCPL$dFXG
=050  0\$aPJ7510$b.H83 1966
=082  0\$a892.7/09
=090  \\$aPJ7510$b.H8 1966
=100  1\$aHuart, Clément,$d1854-1926.
=245  12$aA history of Arabic literature.
=260  \\$aBeirut,$bKhayats,$c1966.
=300  \\$a478 p.$c20 cm.
=490  0\$aKhayats oriental reprint no. 20$5FMFIU$5FTS
=490  0\$aKhayats oriental reprint$vno. 20$5FTaSU
=504  \\$aBibliography: p. 447-450.
=650  \0$aArabic literature$xHistory and criticism.
=830  \0$aKhayats oriental reprints,$vno. 20.
=951  \\$104$aFIU01:000095754;$5FMFIU
=951  \\$105$aFSU01:000153800;$5FTaSU
=951  \\$110$aSFU01:000163909;$5FTS

