=LDR  02146nam a22004691i 4500
=001  022477968
=005  20111201102408.0
=007  he\bmb020baca
=008  930806r19781978dcu\\\\\b\\\\f000\0\eng\d
=020  \\$bpbk.
=035  \\$a(OCoLC)04167906x
=035  \\$agp 78024706
=035  \\$aocl04167906
=040  \\$dMvI$dCongressional Information Service
=040  \\$aGPO$cGPO$dCongressional Information Service
=043  \\$an-us-ok
=050  \\$aKF49
=074  \\$a1008-A
=086  \\$a95-2:H.rp.1019
=099  \\$aCIS 78 H443-19
=099  \\$aCIS Microfiche: see note in record
=099  \\$aMicrofiche
=110  1\$aUnited States.$bCongress.$bHouse.$bCommittee on Interior and Insular Affairs
=245  10$aRecognition of Indian tribes$hmicroform :$breport to accompany H.R. 2497.
=260  \\$a[Washington :$bU.S. Govt. Print. Off.,$c1978]
=300  \\$a19 p. ;$c24 cm.
=490  1\$aHouse report - 95th Congress, 2d session ;$vno. 95-1019$5FMFIU$5FTaFA$5FOFT
=490  1\$aHouse report - 95th Congress, 2d session ; no. 95-1019$5FU
=500  \\$aCaption title.$5FMFIU$5FTaFA$5FOFT$5FU
=500  \\$aIssued Mar. 30, 1978.$5FMFIU$5FTaFA$5FOFT$5FU
=500  \\$aReuse of record except for individual research requires license from Congressional Information Service, Inc.$5FMFIU$5FOFT
=500  \\$aCIS Microfiche Accession Numbers: CIS 78 H443-19$5FTaFA
=500  \\$aReuse of record except for individual research requires license from LexisNexis Academic & Library Solutions.$5FTaFA
=533  \\$aMicrofiche.$b[Bethesda, Md.] :$cLexisNexis Academic & Library Solutions,$d1978.$e11 X 15 cm.$5FTaFA
=533  \\$aMicrofiche.$b[Bethesda, Md.] :$cCongressional Information Service,$d1978.$e11 X 15 cm.$5FMFIU$5FOFT
=650  \0$aIndians of North America$xLegal status, laws, etc.$zOklahoma.
=810  1\$aUnited States.$b95th Congress, 2d session, 1978.$bHouse.$tReport ;$vno. 95-1019.
=810  1\$aUnited States.$bCongress.$bHouse.$tReport ;$vno. 95-1019.
=951  \\$101$aAMU01:000687348;$5FTaFA
=951  \\$107$aCFU01:000647151;$5FOFT
=951  \\$104$aFIU01:000561569;$5FMFIU
=951  \\$108$aUFU01:001192346;$5FU

