=LDR  02293nam a22004451i 4500
=001  022485194
=005  20111201102702.0
=007  he\bmb020baca
=008  901213r19781977dcu\\\\\b\\\\f000\0\eng\d
=020  \\$bpbk.
=035  \\$a(OCoLC)03886616x
=035  \\$aocl03886616
=035  \\$agp 78016242
=040  \\$aBEA$cBEA$dGPO$dCongressional Information Service
=043  \\$an-us---
=050  \\$aKF49
=074  \\$a1019
=086  \\$aY 4.In 8/4:95-68
=099  \\$aCIS 78 H501-36
=099  \\$aCIS Microfiche: see note in record
=099  \\$aMicrofiche
=110  1\$aUnited States.$bCongress.$bHouse.$bCommittee on Interstate and Foreign Commerce.$bSubcommittee on Oversight and Investigations.
=245  10$aAntibiotics in animal feeds$hmicroform :$bhearings before the Subcommittee on Oversight and Investigations of the Committee on Interstate and Foreign Commerce, House of Representatives, Ninety-fifth Congress, first session ... September 19 and 23, 1977.
=260  \\$aWashington :$bU.S. Govt. Print. Off.,$c1977.
=300  \\$aiv, 199 p. :$bill. ;$c24 cm.
=490  0\$aSerial - House, Committee on Interstate and Foreign Commerce ;$vno. 95-68$5FMFIU$5FTaFA$5FOFT
=490  1\$aSerial - House, Committee on Interstate and Foreign Commerce ; no. 95-68$5FU
=500  \\$aReuse of record except for individual research requires license from LexisNexis Academic & Library Solutions.$5FTaFA
=500  \\$aCIS Microfiche Accession Numbers: CIS 78 H501-36$5FTaFA
=500  \\$aReuse of record except for individual research requires license from Congressional Information Service, Inc.$5FMFIU$5FOFT
=504  \\$aIncludes bibliographical references.
=533  \\$aMicrofiche.$b[Bethesda, Md.] :$cCongressional Information Service,$d1978.$e11 X 15 cm.$5FMFIU$5FOFT
=533  \\$aMicrofiche.$b[Bethesda, Md.] :$cLexisNexis Academic & Library Solutions,$d1978.$e11 X 15 cm.$5FTaFA
=650  \0$aAntibiotics in animal nutrition.
=650  \0$aMedicated feeds$zUnited States.
=810  1\$aUnited States.$bCongress.$bHouse.$bCommittee on Interstate and Foreign Commerce.$tSerial, 95th Congress ;$vno. 95-68.
=951  \\$101$aAMU01:000687563;$5FTaFA
=951  \\$107$aCFU01:000647366;$5FOFT
=951  \\$104$aFIU01:000561784;$5FMFIU
=951  \\$108$aUFU01:001186852;$5FU

