=LDR  02011nam a22004695  4500
=001  022490190
=005  20100302110426.0
=008  731003s1966\\\\ncuabc\\\\\\\\000\0\eng\\
=010  \\$a   66015508 
=035  \\$a(OCoLC)00953297
=040  \\$aDLC$cDLC$dFNP
=043  \\$an-us-va
=050  0\$aJS13$b.R5e
=050  00$aJS13$b.R5 1966
=082  0\$a328.75545109
=090  \\$aJS13$b.R5e
=092  \\$a975.5451$bR533o no.17
=110  1\$aRichmond (Va.)$bCity Council.
=245  10$aRichmond at war;$bthe minutes of the City Council, 1861-1865.$cEdited by Louis H. Manarin.
=260  \\$aChapel Hill,$bUniversity of North Carolina Press$c[1966]
=300  \\$a645 p.$billus., maps, ports.$c28 cm.
=410  10$aRichmond.$bCivil War Centennial Committee.$tOfficial publication$vno. 17$5FMFIU
=410  10$aRichmond (Va.).$bCivil War Centennial Committee.$tOfficial publication,$vno. 17$5FU
=440  \0$aOfficial publication (Richmond. Civil War Centennial Committee),$vno. 17$5FPeU
=490  1\$aRichmond (Va.). Civil War Centennial Committee. Official publication$vno. 17$5FTaSU
=490  1\$aRichmond. Civil War Centennial Committee. Official publication$vno. 17$5FTS$5FBoU
=500  \\$aIncludes index.$5FBoU
=651  \0$aRichmond$xPolitics and government.
=651  \0$aRichmond$xHistory$yCivil War, 1861-1865$xSources.
=651  \0$aRichmond (Va.)$xPolitics and government.
=651  \0$aRichmond (Va.)$xHistory$yCivil War, 1861-1865$xSources.
=700  1\$aManarin, Louis H.,$eed.
=700  1\$aManarin, Louis H.
=810  2\$aRichmond (Va.).$bCivil War Centennial Committee.$tOfficial publication ;$vno. 17.
=830  \0$aOfficial publication (Richmond Civil War Centennial Committee),$vno. 17.
=951  \\$102$aFAU01:001703441;$5FBoU
=951  \\$104$aFIU01:000102915;$5FMFIU
=951  \\$105$aFSU01:000170022;$5FTaSU
=951  \\$109$aNFU01:000104854;$5FJUNF
=951  \\$110$aSFU01:000178626;$5FTS
=951  \\$108$aUFU01:000788201;$5FU
=951  \\$111$aWFU01:000102977;$5FPeU

