=LDR  02323nam a22004691i 4500
=001  022499893
=005  20111201103224.0
=007  he\bmb020baca
=008  901213r19781978dcua\\\\bb\\\f000\0\eng\d
=020  \\$bpbk.
=035  \\$a(OCoLC)04049370x
=035  \\$agp 78019221
=035  \\$aocl04049370
=040  \\$cGPO$dCongressional Information Service
=043  \\$an-us---
=050  \\$aKF49
=074  \\$a1025-A
=086  \\$aY 4.Sci 2:95/44
=099  \\$aY4.Sci2:$a95/44
=099  \\$aCIS 78 H701-32
=099  \\$aCIS Microfiche: see note in record
=099  \\$aMicrofiche
=110  1\$aUnited States.$bCongress.$bHouse.$bCommittee on Science and Technology.$bSubcommittee on the Environment and the Atmosphere.
=245  10$aEnvironmental monitoring$hmicroform :$bhearings before the Subcommittee on the Environment and the Atmosphere of the Committee on Science and Technology, U.S. House of Representatives, Ninety-fifth Congress, first session, September 13, 14, and 15, 1977.
=260  \\$aWashington :$bU.S. Govt. Print. Off. ,$c1978.
=300  \\$axlvl, 266 p. :$bill. ;$c24 cm.
=490  0\$aSerial - House, Committee on Science and Technology ;$vno. 95-44$5FMFIU$5FTaFA$5FOFT
=490  1\$aSerial - House, Committee on Science and Technology ; no. 95-44$5FU
=500  \\$a"No. 95-44."$5FJUNF
=500  \\$aReuse of record except for individual research requires license from Congressional Information Service, Inc.$5FMFIU$5FOFT
=500  \\$aCIS Microfiche Accession Numbers: CIS 78 H701-32$5FTaFA
=500  \\$aReuse of record except for individual research requires license from LexisNexis Academic & Library Solutions.$5FTaFA
=504  \\$aIncludes bibliographical references.
=533  \\$aMicrofiche.$b[Bethesda, Md.] :$cLexisNexis Academic & Library Solutions,$d1978.$e11 X 15 cm.$5FTaFA
=533  \\$aMicrofiche.$b[Bethesda, Md.] :$cCongressional Information Service,$d1978.$e11 X 15 cm.$5FMFIU$5FOFT
=650  \0$aEnvironmental monitoring$zUnited States.
=810  1\$aUnited States.$bCongress.$bHouse.$bCommittee on Science and Technology.$tSerial, 95th Congress ;$vno.
=951  \\$101$aAMU01:000687984;$5FTaFA
=951  \\$107$aCFU01:000647787;$5FOFT
=951  \\$104$aFIU01:000562205;$5FMFIU
=951  \\$109$aNFU01:000173287;$5FJUNF
=951  \\$108$aUFU01:001188855;$5FU

