=LDR  02063nam a22004571i 4500
=001  022505803
=005  20111201103438.0
=007  he\bmb020baca
=008  930806r19781978dcu\\\\\b\\\\f000\0\eng\d
=020  \\$bpbk.
=035  \\$a(OCoLC)04480827x
=035  \\$agp 79006790
=035  \\$aocl04480827
=040  \\$dMvI$dCongressional Information Service
=040  \\$cGPO$dMvI-ran$dCongressional Information Service
=043  \\$an-us---
=050  \\$aKF49
=074  \\$a996
=086  \\$a95-2:H.doc.391
=099  \\$aCIS 78 H780-15
=099  \\$aCIS Microfiche: see note in record
=099  \\$aMicrofiche
=110  1\$aUnited States.$bPresident (1977-1981 : Carter)
=245  10$aDenial of import relief for the U.S. clothespin industry$hmicroform :$bmessage /$cfrom the President of the United States ...
=260  \\$aWashington :$bU.S. Govt. Print. Off.,$c1978.
=300  \\$a1 p. ;$c24 cm.
=490  1\$aHouse document - 95th Congress, 2d session ;$vno. 95-391$5FMFIU$5FTaFA$5FOFT
=490  1\$aHouse document - 95th Congress, 2d session ; no. 95-391$5FU
=500  \\$aReuse of record except for individual research requires license from LexisNexis Academic & Library Solutions.$5FTaFA
=500  \\$aCIS Microfiche Accession Numbers: CIS 78 H780-15$5FTaFA
=500  \\$aReuse of record except for individual research requires license from Congressional Information Service, Inc.$5FMFIU$5FOFT
=500  \\$aOct. 2, 1978.$5FMFIU$5FTaFA$5FOFT$5FU
=533  \\$aMicrofiche.$b[Bethesda, Md.] :$cCongressional Information Service,$d1978.$e11 X 15 cm.$5FMFIU$5FOFT
=533  \\$aMicrofiche.$b[Bethesda, Md.] :$cLexisNexis Academic & Library Solutions,$d1978.$e11 X 15 cm.$5FTaFA
=650  \0$aClothespins.
=810  1\$aUnited States.$b95th Congress, 2d session, 1978.$bHouse.$tDocument ;$vno. 95-391.
=830  \0$aHouse document (United States. Congress. House) ;$vno. 95-391.
=951  \\$101$aAMU01:000688155;$5FTaFA
=951  \\$107$aCFU01:000647958;$5FOFT
=951  \\$104$aFIU01:000562376;$5FMFIU
=951  \\$108$aUFU01:001197883;$5FU

