=LDR  02230nam a22004811i 4500
=001  022511167
=005  20111201103636.0
=007  he\bmb020baca
=008  930806r19781978dcu\\\\\b\\\\f000\0\eng\d
=020  \\$bpbk.
=035  \\$a(OCoLC)04432062x
=035  \\$agp 79005250
=035  \\$aocl04432062
=040  \\$dMvI$dCongressional Information Service
=040  \\$cGPO$dCongressional Information Service
=043  \\$an-us---
=050  \\$aKF49
=074  \\$a1008-A
=086  \\$a95-2:H.rp.1578
=099  \\$aCIS 78 H783-65
=099  \\$aCIS Microfiche: see note in record
=099  \\$aMicrofiche
=110  1\$aUnited States.$bCongress.$bHouse.$bCommittee on Ways and Means.
=245  10$aTreatment of certain convention and trade show activities of certain tax-exempt organizations$hmicroform :$breport to accompany H.R. 12828.
=260  \\$a[Washington :$bU.S. Govt. Print. Off.,$c1978]
=300  \\$a8 p. ;$c24 cm.
=490  1\$aHouse report - 95th Congress, 2d session ;$vno. 95-1578$5FMFIU$5FTaFA$5FOFT
=490  1\$aHouse report - 95th Congress, 2d session ; no. 95-1578$5FU
=500  \\$aReuse of record except for individual research requires license from LexisNexis Academic & Library Solutions.$5FTaFA
=500  \\$aCIS Microfiche Accession Numbers: CIS 78 H783-65$5FTaFA
=500  \\$aReuse of record except for individual research requires license from Congressional Information Service, Inc.$5FMFIU$5FOFT
=500  \\$aSept. 18, 1978.$5FMFIU$5FTaFA$5FOFT$5FU
=500  \\$aCaption title.$5FMFIU$5FTaFA$5FOFT$5FU
=533  \\$aMicrofiche.$b[Bethesda, Md.] :$cCongressional Information Service,$d1978.$e11 X 15 cm.$5FMFIU$5FOFT
=533  \\$aMicrofiche.$b[Bethesda, Md.] :$cLexisNexis Academic & Library Solutions,$d1978.$e11 X 15 cm.$5FTaFA
=650  \0$aTax exemption$zUnited States.
=650  \0$aAssociations, institutions, etc.$xTaxation$zUnited States.
=810  1\$aUnited States.$b95th Congress, 2d session, 1978.$bHouse.$tReport ;$vno. 95-1578.
=810  1\$aUnited States.$bCongress.$bHouse.$tReport ;$vno. 95-1578.
=951  \\$101$aAMU01:000688315;$5FTaFA
=951  \\$107$aCFU01:000648118;$5FOFT
=951  \\$104$aFIU01:000562536;$5FMFIU
=951  \\$108$aUFU01:001196788;$5FU

