=LDR  02240nam a22004811i 4500
=001  022517934
=005  20111201103933.0
=007  he\bmb020baca
=008  930806r19781978dcu\\\\\b\\\\f000\0\eng\d
=020  \\$bpbk.
=035  \\$a(OCoLC)04254289x
=035  \\$agp 78027048
=035  \\$aocl04254289
=040  \\$dMvI$dCongressional Information Service
=040  \\$cGPO$dMvI-ocm$dCongressional Information Service
=043  \\$an-us---
=050  \\$aKF49
=074  \\$a1008-A
=086  \\$a95-2:S.rp.880
=099  \\$aCIS 78 S163-13
=099  \\$aCIS Microfiche: see note in record
=099  \\$aMicrofiche
=110  1\$aUnited States.$bCongress.$bSenate.$bCommittee on Agriculture, Nutrition, and Forestry.
=245  10$aForest and rangeland renewable resources research act of 1978$hmicroform :$breport to accompany S. 3034.
=260  \\$a[Washington :$bU.S. Govt. Print. Off.,$c1978]
=300  \\$a18 p. ;$c24 cm.
=490  1\$aSenate report - 95th Congress, 2d session ;$vno. 95-880$5FMFIU$5FTaFA$5FOFT
=490  1\$aSenate report - 95th Congress, 2d session ; no. 95-880$5FU
=500  \\$aReuse of record except for individual research requires license from LexisNexis Academic & Library Solutions.$5FTaFA
=500  \\$aCIS Microfiche Accession Numbers: CIS 78 S163-13$5FTaFA
=500  \\$aReuse of record except for individual research requires license from Congressional Information Service, Inc.$5FMFIU$5FOFT
=500  \\$aIssued May 15, 1978.$5FMFIU$5FTaFA$5FOFT$5FU
=500  \\$aCaption title.$5FMFIU$5FTaFA$5FOFT$5FU
=533  \\$aMicrofiche.$b[Bethesda, Md.] :$cCongressional Information Service,$d1978.$e11 X 15 cm.$5FMFIU$5FOFT
=533  \\$aMicrofiche.$b[Bethesda, Md.] :$cLexisNexis Academic & Library Solutions,$d1978.$e11 X 15 cm.$5FTaFA
=650  \0$aForest management$zUnited States.
=650  \0$aRenewable natural resources$xLaw and legislation$zUnited States.
=810  1\$aUnited States.$b95th Congress, 2d session, 1978.$bSenate.$tReport ;$vno. 95-880.
=810  1\$aUnited States.$bCongress.$bSenate.$tReport$vno. 95-880.
=951  \\$101$aAMU01:000688540;$5FTaFA
=951  \\$107$aCFU01:000648341;$5FOFT
=951  \\$104$aFIU01:000562760;$5FMFIU
=951  \\$108$aUFU01:001194205;$5FU

