=LDR  02290nam a22004691i 4500
=001  022524692
=005  20111201104222.0
=007  he\bmb020baca
=008  930806r19781978dcu\\\\\b\\\\f000\0\eng\d
=020  \\$bpbk.
=035  \\$a(OCoLC)04011216x
=035  \\$agp 78019484
=035  \\$aocl04011216
=040  \\$dMvI$dCongressional Information Service
=040  \\$aGPO$cGPO$dCongressional Information Service
=043  \\$an-us---
=050  \\$aKF49
=074  \\$a1008-A
=086  \\$a95-2:S.rp.871
=099  \\$aCIS 78 S243-11
=099  \\$aCIS Microfiche: see note in record
=099  \\$aMicrofiche
=110  1\$aUnited States.$bCongress.$bSenate.$bCommittee on Banking, Housing, and Urban Affairs.
=245  10$aHousing and community development amendments of 1978$hmicroform :$breport of the Committee on Banking, Housing, and Urban Affairs, United States Senate, to accompany S. 3084 together with additional views.
=260  \\$aWashington :$bU.S. Govt. Print. Off.,$c1978.
=300  \\$aiv, 101 p. ;$c24 cm.
=490  1\$aSenate report - 95th Congress, 2d session ;$vno. 95-871$5FMFIU$5FTaFA$5FOFT
=490  1\$aSenate report - 95th Congress, 2d session ; no. 95-871$5FU
=500  \\$aReuse of record except for individual research requires license from LexisNexis Academic & Library Solutions.$5FTaFA
=500  \\$aCIS Microfiche Accession Numbers: CIS 78 S243-11$5FTaFA
=500  \\$aReuse of record except for individual research requires license from Congressional Information Service, Inc.$5FMFIU$5FOFT
=500  \\$aIssued May 15, 1978.$5FMFIU$5FTaFA$5FOFT$5FU
=533  \\$aMicrofiche.$b[Bethesda, Md.] :$cCongressional Information Service,$d1978.$e11 X 15 cm.$5FMFIU$5FOFT
=533  \\$aMicrofiche.$b[Bethesda, Md.] :$cLexisNexis Academic & Library Solutions,$d1978.$e11 X 15 cm.$5FTaFA
=650  \0$aCommunity development$xLaw and legislation$zUnited States.
=650  \0$aHousing$xLaw and legislation$zUnited States.
=810  1\$aUnited States.$b95th Congress, 2d session, 1978.$bSenate.$tReport ;$vno. 95-871.
=810  1\$aUnited States.$bCongress.$bSenate.$tReport$vno. 95-871.
=951  \\$101$aAMU01:000688737;$5FTaFA
=951  \\$107$aCFU01:000648538;$5FOFT
=951  \\$104$aFIU01:000562957;$5FMFIU
=951  \\$108$aUFU01:001189106;$5FU

