=LDR  02588cam a2200577 i 4500
=001  022529707
=005  20150118175900.0
=008  791109s1979\\\\ohua\\\\\b\\\f000|0\eng\d
=020  \\$bpbk.
=035  \\$a(OCoLC)05669622
=040  \\$aNCS$cNCS$dGPO
=043  \\$an-us---
=074  \\$a431-I-12
=086  0\$aEP 1.23/2:600/2-79-165
=090  \\$aTD795.7$b.L87 1979
=099  \\$aEP 1.23/2:600/2-79-165
=099  \\$aEP1.23/2:$a600/2-$a79-165
=100  1\$aLutton, R. J.
=245  10$aDesign and construction of covers for solid waste landfills /$cby R. J. Lutton, G. L. Regan, and L. W. Jones.
=260  \\$aCincinnati, Ohio :$bEnvironmental Protection Agency, Office of Research and Development, Municipal Environmental Research Laboratory ;$aSpringfield, Va. :$bfor sale by the National Technical Information Service,$c1979.
=300  \\$axxiv, 250 p. :$bill. ;$c28 cm.
=440  \0$aEPA-600/2-79-165$5FTaSU
=490  0\$aEnvironmental protection technology series ;$vEPA-600/2-79-165$5FTaSU$5FOFT
=490  1\$aEnvironmental protection technology series ; EPA-600/2-79-165$5FTS$5FMFIU$5FU
=500  \\$aInteragency agreement no. EPA-IAG-D7-01097.$5FTaSU$5FOFT
=500  \\$aAugust 1979.$5FTaSU$5FOFT
=500  \\$aIssued Aug. 1979.$5FTS$5FMFIU$5FU
=500  \\$aPrepared by U.S. Army Engineer Waterways Experiment Station, under interagency agreement no. EPA-IAG-D7-01097.$5FTS$5FMFIU$5FU
=500  \\$aMONTHLY CATALOG NUMBER: gp 80024299$5FTS$5FMFIU
=504  \\$aBibliography: p. 239-249.
=650  \0$aRefuse and refuse disposal.
=650  \0$aWaste disposal in the ground.
=650  \0$aSanitary landfills.
=650  \0$aSoil mechanics$zUnited States.
=650  \0$aSanitary landfills$zUnited States.
=650  \0$aFactory and trade waste$zUnited States.
=700  1\$aJones, L. W.
=700  1\$aRegan, George L.
=700  1\$aRegan, G. L.$ejoint author.
=700  1\$aJones, L. W.$q(Lawrence W.)$ejoint author.
=700  1\$aRegan, G. L.
=700  1\$aJones, L. W.$q(Lawrence W.)
=710  2\$aU.S. Army Engineer Waterways Experiment Station.
=710  2\$aMunicipal Environmental Research Laboratory.
=810  1\$aUnited States.$bEnvironmental Protection Agency.$tEnvironmental protection technology series ;$vEPA-600/2-79-165.
=830  \0$aResearch reporting series.$n2,$pEnvironmental protection technology ;$vEPA-600/2-79-165.
=951  \\$107$aCFU01:000258235;$5FOFT
=951  \\$104$aFIU01:000280104;$5FMFIU
=951  \\$105$aFSU01:000598117;$5FTaSU
=951  \\$110$aSFU01:000581332;$5FTS
=951  \\$108$aUFU01:001225819;$5FU

