=LDR  01986cam a2200469 i 4500
=001  022534169
=005  20070710133359.0
=008  791114s1979\\\\dcu\\\\\\b\\\f000|0\eng\d
=010  \\$a   79600160 //r852
=019  \\$a6423287
=020  \\$bpbk :$c{dollar}1.75
=035  \\$a(OCoLC)05693630
=037  \\$a003-003-02130-0
=040  \\$aDLC$cDLC$dm.c.$dFTU
=050  0\$aQC100$b.U57 no. 500-54$aQA76.9.A25
=074  \\$a247
=082  0\$a602/.18 s$a001.64/2
=086  0\$aC 13.10:500-54
=099  \\$aC 13.10:500-54
=100  1\$aSmid, Miles E.
=245  12$aA key notarization system for computer networks /$cMiles E. Smid.
=260  \\$aWashington, D.C. :$bU.S. Dept. of Commerce, National Bureau of Standards,$c1979.
=300  \\$avi, 29 p. ;$c26 cm.
=440  \0$aComputer science and technology$5FTS$5FBoU
=440  \0$aNBS special publication ;$v500-54$5FOFT$5FU
=440  \0$aNBS special publication.$pComputer science & technology.$5FU
=490  1\$aNBS special publication ; 500-54$5FTS$5FBoU
=490  1\$aComputer science & technology$5FOFT
=490  1\$aNBS special publication ; 500-54. Computer science and technology$5FMFIU
=500  \\$aOct. 1979.$5FTS$5FU$5FMFIU$5FBoU
=500  \\$aMONTHLY CATALOG NUMBER: gp 80002112$5FTS$5FMFIU$5FBoU
=650  \0$aComputers$xAccess control$xPasswords.
=650  \0$aComputers$xAccess control$vCode words.
=710  2\$aInstitute for Computer Sciences and Technology.$bCenter for Programming Science and Technology.$bOperations Engineering Division.
=710  2\$aCenter for Programming Science and Technology (Institute for Computer Sciences and Technology)$bOperations Engineering Division.
=830  \0$aNBS special publication.$pComputer science & technology.
=830  \0$aNBS special publication ;$v500-54.
=951  \\$107$aCFU01:000255345;$5FOFT
=951  \\$102$aFAU01:000461947;$5FBoU
=951  \\$104$aFIU01:000280191;$5FMFIU
=951  \\$110$aSFU01:000581466;$5FTS
=951  \\$108$aUFU01:001210263;$5FU

