=LDR  02037cam a2200493 i 4500
=001  022540506
=005  20090506084408.0
=008  031001s1975\\\\ncua\\\\\b\\\s000\0\eng\\
=010  \\$a77621284
=019  \\$a2211373
=035  \\$a(OCoLC)03749362
=040  \\$aDLC$cDLC$dBTCTA$dOCLCG$dOLA
=043  \\$an-us-nc
=050  0\$aGB459.4$b.B44
=082  0\$a627/.58
=099  \\$aNo Car$aSEA/83:$a75-29
=099  \\$aNC$aUNC-SG$a75-29$a1975
=100  1\$aBellis, Vincent J.,$d1938-
=245  10$aEstuarine shoreline erosion in the Albemarle-Pamlico region of North Carolina /$cby Vincent Bellis, Michael P. O'Connor, and Stanley R. Riggs.
=260  \\$aRaleigh :$bSea Grant Program, North Carolina State University,$c1975.
=300  \\$aiv, 67 p. :$bill. ;$c28 cm.
=490  0\$aUNC sea grant publication ; UNC-SG-75-29$5FTaSU
=490  1\$aUNC sea grant publication ;$vUNC-SG-75-29$5FTS$5FU
=500  \\$aErrata slip inserted.$5FTaSU$5FTS$5FU
=504  \\$aIncludes bibliographical references (p. 64).
=520  \\$aTracings: 92.38.
=650  \0$aBeach erosion$zNorth Carolina$zAlbemarle Sound.
=650  \0$aEstuaries$zNorth Carolina$zPamlico Sound.
=650  \0$aEstuaries$zNorth Carolina$zAlbemarle Sound.
=650  \0$aShorelines$zNorth Carolina$zPamlico Sound.
=650  \0$aShorelines$zNorth Carolina$zAlbemarle Sound.
=650  \0$aBeach erosion$zNorth Carolina$zPamlico Sound.
=650  \0$aErosion$zNorth Carolina$zAlbemarle Region.
=650  \0$aEstuaries$zNorth Carolina$zAlbemarle Region.
=650  \0$aShorelines$zNorth Carolina$zAlbemarle Region.
=700  1\$aO'Connor, Michael P.$q(Michael Peter),$d1939-
=700  1\$aRiggs, Stanley R.$ejoint author.
=700  1\$aO'Connor, Michael P.$q(Michael Peter),$d1939-$ejoint author.
=700  1\$aRiggs, Stanley R.
=700  1\$aO'Connor, Michael Peter,$d1939-
=830  \0$aSea Grant publication (Raleigh, N.C.) ;$vUNC-SG-75-29.
=951  \\$105$aFSU01:000557535;$5FTaSU
=951  \\$110$aSFU01:001719332;$5FTS
=951  \\$108$aUFU01:002749504;$5FU

