=LDR  01078cam a2200277I  4500
=001  022547351
=005  20120623081900.0
=008  760805s1932\\\\xx\\\\\\\\\\\\000|0\eng\\
=010  \\$a   32021072 
=035  \\$a(OCoLC)02356649
=040  \\$aDLC$cTOL$dVRC$dFHC
=050  0\$aGN31$b.B4
=082  0\$a572
=100  1\$aBean, Robert Bennett,$d1874-1944.
=245  14$aThe races of man;$bdifferentiation and dispersal of man,$cby Robert Bennett Bean.
=260  \\$aNew York,$bThe University society, incorporated$c[c1932]
=300  \\$aiv, [2] 134 p.$billus. (incl. port., maps) diagr.$c24 cm.
=490  0\$aThe University series; higlights of modern knowledge. Physical anthoropology$5FSsNC$5FU
=490  0\$aThe University series; highlights of modern knowledge. Physical anthoropology$5FTaSU
=500  \\$a"Suggestions for further reading": p. 121-122.$5FSsNC$5FTaSU$5FU
=650  \0$aAnthropology.
=650  \0$aEthnology.
=650  \0$aPhysical anthropology.
=951  \\$105$aFSU01:000281834;$5FTaSU
=951  \\$106$aNCU01:000083221;$5FSsNC
=951  \\$108$aUFU01:000457787;$5FU

