=LDR  03098nam a22008418a 4500
=001  022553289
=005  20060309172141.0
=008  011107s2001\\\\enk\\\\\\b\\\\000\0\eng\\
=010  \\$a2001056878
=015  \\$aGBA1-W3032
=019  \\$a47674946
=020  \\$a1842771086 (cased)
=020  \\$a1842771094 (pbk.)
=035  \\$a(OCoLC)47674926
=035  \\$a(AcBC)A01894022
=040  \\$aDLC$cDLC$dOrLoB-B
=042  \\$apcc
=050  00$aK1519.B54$bS533 2001
=082  00$a346.04/86$221
=100  1\$aShiva, Vandana.
=240  10$aPatents
=245  10$aProtect or plunder? :$bunderstanding intellectual property rights /$cVandana Shiva.
=260  \\$aLondon ;$aNew York :$bZed Books,$cc2001.
=300  \\$a146 p.
=490  1\$aGlobal issues$5FU
=490  1\$aGlobal issues in a changing world$5FJUNF$5FFmFGC
=504  \\$aIncludes bibliographical references (p. [143]-146).
=599  \\$aFCLA 20130614
=650  \0$aBiotechnology$xPatents.
=650  \0$aPlants, Cultivated$xPatents.
=650  \0$aPatents (International law)
=650  \0$aIntellectual property (International law)
=830  \0$aGlobal issues series (Zed Books)
=970  11$tIntroduction: Patents - An Ethical Crisis$p1
=970  11$tRole of Patents in History$p11
=970  12$tPatents as Instruments of Conquest$p11
=970  12$tPatents as Reward for Inventiveness$p13
=970  12$tPatents as Instruments for Technology Transfer, Catching Up and Import Monopolies$p14
=970  12$tPatents and Control over the Global Economy$p18
=970  11$tMyth of Patents$p21
=970  12$tMyth of Stimulating Creativity$p21
=970  12$tMyth of Technology Transfer, Innovation and R&D$p26
=970  12$tMyth of Knowledge Generation$p30
=970  12$tOf Spies, Crime and IPRs$p33
=970  11$tThreats to Biodiversity$p40
=970  12$tEnclosure of the Commons$p44
=970  11$tBiopiracy$p49
=970  12$tWhat is Biopiracy?$p49
=970  12$tStealing from the Pharmacy of the Poor$p53
=970  12$tStealing from the Farms of our Farmers$p56
=970  12$tStealing Nature's Pesticide$p57
=970  12$tResolving Biopiracy$p61
=970  11$tCan Seed be Owned?$p69
=970  12$tSeed: The Ultimate Gift$p69
=970  12$tSeed Legislation$p73
=970  12$tPatents on Plants$p76
=970  12$tPatents on Seed: Terminating Germination$p80
=970  11$tProfiteering from Disease$p86
=970  11$tDemocracy or Dictatorship?$p94
=970  12$tTrade Related Intellectual Property Rights (TRIPs)$p95
=970  12$tTRIPs and Patents on Plants$p98
=970  12$tTRIPs and Biodiversity$p102
=970  12$tTRIPs and Patent Laws in India$p104
=970  11$tWay Forward$p113
=970  12$tTRIPs Reform and Review$p115
=970  12$tFarmers' Rights as Community Rights: The Sui Generis System$p120
=970  12$tIPR Reform in India$p128
=970  01$tConclusion$p132
=970  11$lApp$tPatent Laws in India$p134
=970  01$tReferences$p143
=951  \\$103$aGCU01:000247863;$5FFmFGC
=951  \\$109$aNFU01:000556831;$5FJUNF
=951  \\$108$aUFU01:002849231;$5FU

