=LDR  02315nam a22005051i 4500
=001  022560974
=005  20111201113929.0
=007  he\bmb020baca
=008  930806r19781978dcu\\\\\b\\\\f000\0\eng\d
=020  \\$bpbk.
=035  \\$aocl04298653
=035  \\$agp 78027079
=035  \\$a(OCoLC)04298653x
=040  \\$dMvI$dCongressional Information Service
=040  \\$cGPO$dCongressional Information Service
=043  \\$an-us---
=050  \\$aKF49
=074  \\$a1008-A
=086  \\$a95-2:S.rp.1055
=099  \\$aCIS 78 S763-4
=099  \\$aCIS Microfiche: see note in record
=099  \\$aMicrofiche
=110  1\$aUnited States.$bCongress.$bSenate.$bCommittee on Veterans' Affairs.
=245  10$aVeterans' housing benefits improvement act of 1978$hmicroform :$breport to accompany H.R. 12028.
=260  \\$a[Washington :$bU.S. Govt. Print. Off.,$c1978]
=300  \\$a59 p. ;$c24 cm.
=490  1\$aSenate report - 95th Congress, 2d session ; no. 95-1055$5FU
=490  1\$aSenate report - 95th Congress, 2d session ;$vno. 95-1055$5FMFIU$5FTaFA$5FOFT
=500  \\$aCIS Microfiche Accession Numbers: CIS 78 S763-4$5FTaFA
=500  \\$aReuse of record except for individual research requires license from Congressional Information Service, Inc.$5FMFIU$5FOFT
=500  \\$aIssued July 31, 1978.$5FMFIU$5FTaFA$5FOFT$5FU
=500  \\$aCaption title.$5FMFIU$5FTaFA$5FOFT$5FU
=500  \\$aReuse of record except for individual research requires license from LexisNexis Academic & Library Solutions.$5FTaFA
=533  \\$aMicrofiche.$b[Bethesda, Md.] :$cLexisNexis Academic & Library Solutions,$d1978.$e11 X 15 cm.$5FTaFA
=533  \\$aMicrofiche.$b[Bethesda, Md.] :$cCongressional Information Service,$d1978.$e11 X 15 cm.$5FMFIU$5FOFT
=650  \0$aVeterans$xLegal status, laws, etc.$zUnited States.
=650  \0$aVeterans$xLoans$zUnited States.
=650  \0$aHousing$xLaw and legislation$zUnited States.
=650  \0$aVeterans$xLaw and legislation$zUnited States.
=810  1\$aUnited States.$b95th Congress, 2d session, 1978.$bSenate.$tReport ;$vno. 95-1055.
=810  1\$aUnited States.$bCongress.$bSenate.$tReport$vno. 95-1055.
=951  \\$101$aAMU01:000689761;$5FTaFA
=951  \\$107$aCFU01:000649561;$5FOFT
=951  \\$104$aFIU01:000563980;$5FMFIU
=951  \\$108$aUFU01:001194236;$5FU

