=LDR  01907nam a2200433Ia 4500
=001  022567830
=005  20080627113612.0
=008  791219s1979\\\\ncu\\\\\\b\\\f000\0\eng\d
=020  \\$bpbk.
=035  \\$a(OCoLC)05811086
=037  \\$b28802
=040  \\$aGPO$cGPO$dOCLCQ$dGPO$dMvI
=043  \\$an-us---
=050  \4$aSD11$b.A853 No. 283 1979
=074  \\$a83-B
=074  \\$a0083-B-04 (online)
=086  0\$aA 13.79:SE-283
=099  \\$aA 13.79:SE-283
=100  1\$aMarx, Donald H.
=245  10$aSynthesis of Pisolithus ectomycorrhizae on pecan seedlings in fumigated soil /$cby Donald H. Marx.
=260  \\$aAsheville, N.C. :$bU.S. Dept. of Agriculture, Forest Service, Southeastern Forest Experiment Station,$c1979.
=300  \\$a[4] p. ;$c27 cm.
=490  1\$aUSDA Forest Service research note SE ;$v283$5FU$5FMFIU
=490  1\$aUSDA Forest Service research note SE ; 283$5FTS$5FBoU
=500  \\$aMONTHLY CATALOG NUMBER: gp 80005545$5FTS$5FBoU
=500  \\$aIssued Oct. 1979.$5FTS$5FU$5FMFIU$5FBoU
=504  \\$aIncludes bibliographical references (p. 3-4).
=530  \\$aAlso available via Internet from the Forest Service web site. Address as of 7/30/07: http://www.srs.fs.usda.gov/pubs/rn/rn%5Fse283.pdf ; current access is available via PURL.$5FU$5FMFIU
=650  \0$aSeedlings$xStorage.
=650  \0$aPecan$xDiseases and pests$zUnited States.
=710  1\$aUnited States.$bForest Service
=710  1\$aSoutheastern Forest Experiment Station (Asheville, N.C.)
=810  1\$aUnited States.$bSoutheastern Forest Experiment Station, Asheville, N.C.$tUSDA Forest Service research paper SE ;$v283.
=830  \0$aForest Service research paper SE ;$v283.
=856  41$uhttp://purl.access.gpo.gov/GPO/LPS84141$5FTS$5FU$5FMFIU
=951  \\$102$aFAU01:000462162;$5FBoU
=951  \\$104$aFIU01:001392985;$5FMFIU
=951  \\$110$aSFU01:000582495;$5FTS
=951  \\$108$aUFU01:001212743;$5FU

