=LDR  01148nam a2200325I  4500
=001  022573280
=005  20110929132743.0
=008  740723s1925\\\\pauaf\\\\b\\\\000|0\eng\\
=010  \\$a   25007216 
=035  \\$a(OCoLC)00959339
=040  \\$cTEU$dFTU
=043  \\$ae-sp---
=050  ?\$aDP92$b.C3
=090  \\$aDP92$b.C37
=092  \\$a946.01$bC296g
=100  1\$aCarpenter, Rhys,$d1889-1980.
=245  14$aThe Greeks in Spain,$cby Rhys Carpenter.
=260  \\$aBryn Mawr, Pa.,$bBryn Mawr college;$aLondon,$aNew York [etc.]$bLongmans, Green and co.,$c1925.
=300  \\$aviii, 180 p., 1 l.$bfront., illus., XXV pl. on 13 l.$c17 cm.
=440  \0$aBryn Mawr notes and monographs,$v6$5FTS
=490  0\$aBryn Mawr notes and monographs, VI$5FOFT$5FTaSU
=490  0\$aBryn Mawr notes and monographs,$vVI$5FPeU
=500  \\$aMaps on lining-papers.$5FOFT$5FTaSU$5FTS$5FPeU
=504  \\$aBibliography: P. 163-168.
=651  \0$aSpain$xHistory$yTo 218 B.C.
=651  \0$aSpain$xAntiquities.
=951  \\$107$aCFU01:000092231;$5FOFT
=951  \\$105$aFSU01:000613635;$5FTaSU
=951  \\$110$aSFU01:000179223;$5FTS
=951  \\$111$aWFU01:000442341;$5FPeU

