=LDR  04154pam a22010094a 4500
=001  022580024
=005  20060328175726.0
=008  010116s2002\\\\nyu\\\\\\b\\\\001\0\eng\\
=010  \\$a2001018606
=020  \\$a0820455555 (pbk. : alk. paper)
=035  \\$a(OCoLC)45804988
=040  \\$aDLC$cDLC$dDLC$dOrLoB-B
=042  \\$apcc
=050  00$aP91$b.S54 2002
=072  \7$aP$2lcco
=082  00$a302.23/01$221
=100  1\$aSlade, Christina.
=245  14$aThe real thing :$bdoing philosophy with media /$cChristina Slade.
=260  \\$aNew York :$bPeter Lang,$cc2002.
=300  \\$axvi, 239 p. ;$c23 cm.
=440  \0$aPopular culture & everyday life ;$vvol. 4$5FTS
=440  \0$aPopular culture & everyday life ;$vv. 4$5FU
=490  0\$aPopular culture & everyday life ;$vvol. 4$5FBoU$5FOFT
=490  1\$aPopular culture and everyday life ;$vv. 4$5FJUNF
=504  \\$aIncludes bibliographical references (p. [215]-232) and index.
=599  \\$aFCLA 20130614
=650  \0$aMass media$xPhilosophy.
=650  \0$aPhilosophy.
=830  \0$aPopular culture & everyday life ;$vv. 4.
=830  \0$aPopular culture & everyday life.
=970  01$tPreface
=970  01$tAddendum
=970  11$l1$tWhat is real? Ontology and the media$p1
=970  12$tTelevision and virtual reality: More real than the real thing?$p2
=970  12$tMethodological issues: The active audience$p7
=970  12$tDoes the active audience think television is real?$p10
=970  12$tTalking about television: The reactive audience$p15
=970  12$treactive audience and television reality$p18
=970  12$tRealism and relativism$p21
=970  11$l2$tNews as soap opera: Truth and news$p31
=970  12$t"Illiterate boobs sitting dumbly around the TV set"$p33
=970  12$tdevelopment of tabloid TV news - The case of the United States$p37
=970  12$tNews events are and always have been soapy$p42
=970  12$tWhat is wrong?$p47
=970  12$tnews should be true$p50
=970  12$tNews can be criticized$p58
=970  11$l3$tWhy not lie? Dicourse ethics$p67
=970  12$tWhy soaps? Problems of definition$p69
=970  12$tsocial role of soap opera$p72
=970  12$tMirada de Mujer$p78
=970  12$tEthical disputes$p83
=970  12$tDiscourse ethics$p86
=970  12$tParty of Five: Developing a web site of ethical questions$p89
=970  11$l4$tSpeaking of South Park: Media effects$p95
=970  12$tIs South Park prosocial?$p97
=970  12$tMedia memories: Cartoons and cross-referencing$p101
=970  12$tCartoons as icons$p105
=970  12$t"An elephant makes love to a pig"$p110
=970  12$tMedia effects and talking about television$p114
=970  11$l5$tReasons to buy: The logic of advertisements$p123
=970  12$tReasoning in advertisements$p126
=970  12$tprint advertisement$p131
=970  12$tFallacies and television advertisements$p138
=970  12$tcase study: Images and stereotypes$p144
=970  12$tPolitical advertising and being reasonable$p149
=970  11$l6$tSeeing reasons: Visual argumentation in advertisements$p155
=970  12$tVisual literacy$p157
=970  12$tReasoning in the newer media$p160
=970  12$tSimulacra - second-order signifiers - function irrationally$p163
=970  12$tEmotion is irrational$p166
=970  12$tVisual reasoning$p168
=970  12$tCitibank ad revisited$p171
=970  11$l7$tPublic faces in private places: The public/private divide and identity$p179
=970  12$tPublic, not private; private, not public$p180
=970  12$tConstructing the public/private divide$p183
=970  12$tPersonal identity$p186
=970  12$tDividing up the public private divide$p189
=970  12$tNew technology and globalization$p196
=970  12$tpublic sphere and identity, recast$p201
=970  11$tAfterword: Paradoxes and popular culture$p207
=970  01$tBibliography$p215
=970  01$tIndex$p233
=951  \\$107$aCFU01:000975651;$5FOFT
=951  \\$102$aFAU01:000997687;$5FBoU
=951  \\$109$aNFU01:000557693;$5FJUNF
=951  \\$110$aSFU01:001345933;$5FTS
=951  \\$108$aUFU01:002874574;$5FU

