=LDR  02272nam a22004451i 4500
=001  022586431
=005  20111201114954.0
=007  he\bmb020baca
=008  901213r19791979dcua\\\\bb\\\f000\0\eng\d
=020  \\$bpbk.
=035  \\$a(OCoLC)04769647x
=035  \\$aocl04769647
=035  \\$agp 79012384
=040  \\$aGPO$cGPO$dCongressional Information Service
=043  \\$an-us---
=050  \\$aKF49
=074  \\$a1023
=086  \\$aY 4.In 8/14:95-22
=099  \\$aCIS 79 H441-14
=099  \\$aCIS Microfiche: see note in record
=099  \\$aMicrofiche
=110  1\$aUnited States.$bCongress.$bHouse.$bCommittee on Interior and Insular Affairs.$bSubcommittee on Mines and Mining.
=245  10$aUnited States coal production and utilization$hmicroform :$boversight hearings before the Subcommittee on Mines and Mining of the Committee on Interior and Insular Affairs, House of Representatives, Ninety-fifth Congress, second session ... May 16 and 18, and July 27, 1978.
=260  \\$aWashington :$bU.S. Govt. Print. Off.,$c1979.
=300  \\$aiv, 616 p. :$bill. ;$c24 cm.
=490  0\$aSerial - House, Committee on Interior and Insular Affairs ;$vno. 95-22$5FMFIU$5FTaFA$5FOFT
=490  1\$aSerial - House, Committee on Interior and Insular Affairs ; no. 95-22$5FU
=500  \\$aReuse of record except for individual research requires license from LexisNexis Academic & Library Solutions.$5FTaFA
=500  \\$aCIS Microfiche Accession Numbers: CIS 79 H441-14$5FTaFA
=500  \\$aReuse of record except for individual research requires license from Congressional Information Service, Inc.$5FMFIU$5FOFT
=504  \\$aIncludes bibliographical references.
=533  \\$aMicrofiche.$b[Bethesda, Md.] :$cCongressional Information Service,$d1979.$e11 X 15 cm.$5FMFIU$5FOFT
=533  \\$aMicrofiche.$b[Bethesda, Md.] :$cLexisNexis Academic & Library Solutions,$d1979.$e11 X 15 cm.$5FTaFA
=650  \0$aCoal$zUnited States.
=650  \0$aEnergy policy$zUnited States.
=810  1\$aUnited States.$bCongress.$bHouse.$bCommittee on Interior and Insular Affairs.$tSerial, 95th Congress ;$vno. 95-22.
=951  \\$101$aAMU01:000690499;$5FTaFA
=951  \\$107$aCFU01:000650303;$5FOFT
=951  \\$104$aFIU01:000564722;$5FMFIU
=951  \\$108$aUFU01:001201682;$5FU

