=LDR  01183pam a2200313   4500
=001  022592025
=005  20120623013900.0
=008  740806r1974\\\\nyu\\\\\\\\\\\000|0\eng\\
=010  \\$a   74016267 
=020  \\$a0824013441
=035  \\$a(OCoLC)01031189
=040  \\$aDLC$cDLC$dFWA
=050  0\$aDG206.G5$bG52 v.7
=082  0\$a937/.06/072024 s$a821/.6
=100  1\$aHayley, William,$d1745-1820.
=245  13$aAn essay on history in three epistles to Edward Gibbon, esq. (1780)
=260  \\$aNew York,$bGarland Pub.,$c1974.
=300  \\$a159 p.$c22 cm.
=490  0\$aThe Life & times of seven major British writers$5FTaSU
=490  0\$aGibboniana, 7$5FTaSU
=490  1\$aThe Life & times of seven major British writers. Gibboniana 7$5FPeU
=500  \\$aReprint of the ed. printed for J. Dodsley, London, which was issued as v. 3, no. 8 of Poetical pamphlets.$5FPeU$5FTaSU
=600  10$aGibbon, Edward,$d1737-1794$xPoetry.
=650  \0$aHistoriography$xEarly works to 1800$xPoetry.
=700  1\$aGibbon, Edward,$d1737-1794.
=830  \0$aGibboniana$v7.
=830  \0$aPoetical pamphlets,$vv. 3, no. 8.
=951  \\$105$aFSU01:000178691;$5FTaSU
=951  \\$111$aWFU01:000106678;$5FPeU

