=LDR  02315nam a22004571i 4500
=001  022596562
=005  20111201115414.0
=007  he\bmb020baca
=008  901213r19791978dcu\\\\\bb\\\f000\0\eng\d
=020  \\$bpbk.
=035  \\$a(OCoLC)04482278x
=035  \\$agp 79006708
=035  \\$aocl04482278
=040  \\$aGPO$cGPO$dCongressional Information Service
=043  \\$an-us---
=050  \\$aKF49
=074  \\$a1020
=086  \\$aY 4.J 89/1:95/48
=099  \\$aCIS 79 H521-3
=099  \\$aCIS Microfiche: see note in record
=099  \\$aMicrofiche
=110  1\$aUnited States.$bCongress.$bHouse.$bCommittee on the Judiciary.$bSubcommittee on Courts, Civil Liberties, and the Administration of Justice.
=245  10$aForeign intelligence surveillance act$hmicroform :$bhearings before the Subcommittee on Courts, Civil Liberties, and the Administration of Justice of the Committee on the Judiciary, House of Representatives, Ninety-fifth Congress, second session, on H.R. 7308 ... June 22, 28, and 29, 1978.
=260  \\$aWashington :$bGovt. Print. Off.,$c1978.
=300  \\$aiii, 183 p. ;$c23 cm.
=490  1\$aSerial - House, Committee on the Judiciary ;$vno. 95-48$5FMFIU$5FTaFA$5FOFT
=490  1\$aSerial - House, Committee on the Judiciary ; no. 95-48$5FU
=500  \\$aReuse of record except for individual research requires license from LexisNexis Academic & Library Solutions.$5FTaFA
=500  \\$aCIS Microfiche Accession Numbers: CIS 79 H521-3$5FTaFA
=500  \\$aReuse of record except for individual research requires license from Congressional Information Service, Inc.$5FMFIU$5FOFT
=504  \\$aIncludes bibliographical references.
=533  \\$aMicrofiche.$b[Bethesda, Md.] :$cCongressional Information Service,$d1979.$e11 X 15 cm.$5FMFIU$5FOFT
=533  \\$aMicrofiche.$b[Bethesda, Md.] :$cLexisNexis Academic & Library Solutions,$d1979.$e11 X 15 cm.$5FTaFA
=650  \0$aIntelligence service$zUnited States.
=650  \0$aEavesdropping$zUnited States.
=650  \0$aWiretapping$zUnited States.
=810  1\$aUnited States.$bCongress.$bHouse.$bCommittee on the Judiciary.$tSerial, 95th Congress ;$vno. 95-48.
=951  \\$101$aAMU01:000693303;$5FTaFA
=951  \\$107$aCFU01:000650596;$5FOFT
=951  \\$104$aFIU01:000565015;$5FMFIU
=951  \\$108$aUFU01:001197818;$5FU

