=LDR  02445nam a22005051i 4500
=001  022601819
=005  20111201115615.0
=007  he\bmb020baca
=008  930806r19791979dcu\\\\\b\\\\f000\0\eng\d
=020  \\$bpbk.
=035  \\$aocl05518191
=035  \\$agp 79023503
=035  \\$a(OCoLC)05518191x
=040  \\$dMvI$dCongressional Information Service
=040  \\$aGPO$cGPO$dMvI-ran$dCongressional Information Service
=043  \\$an-us---$ae-ur---
=050  \\$aKF49
=074  \\$a1008-A
=086  0\$a96-1:H.rp.449/pt.1
=099  \\$aCIS 79 H623-9
=099  \\$aCIS Microfiche: see note in record
=099  \\$aMicrofiche
=110  1\$aUnited States.$bCongress.$bHouse.$bCommittee on Post Office and Civil Service.
=245  10$aSoviet interruption of mail$hmicroform :$breport to accompany H. Con. Res. 167 /$creferred jointly to the Committee on Foreign Affairs and Committee on Post Office and Civil Service.
=260  \\$a[Washington :$bU.S. Govt. Print. Off.,$c1979- ]
=300  \\$av. ;$c24 cm.
=490  1\$aHouse report - 96th Congress, 1st session ; no. 96-449$5FU
=490  1\$aHouse report - 96th Congress, 1st session ;$vno. 96-449$5FMFIU$5FTaFA$5FOFT
=500  \\$aCIS Microfiche Accession Numbers: CIS 79 H623-9$5FTaFA
=500  \\$aReuse of record except for individual research requires license from Congressional Information Service, Inc.$5FMFIU$5FOFT
=500  \\$aPt. 1, Sept. 20, 1979.$5FMFIU$5FTaFA$5FOFT$5FU
=500  \\$aCaption title.$5FMFIU$5FTaFA$5FOFT$5FU
=500  \\$aReuse of record except for individual research requires license from LexisNexis Academic & Library Solutions.$5FTaFA
=533  \\$aMicrofiche.$b[Bethesda, Md.] :$cLexisNexis Academic & Library Solutions,$d1979.$e11 X 15 cm.$5FTaFA
=533  \\$aMicrofiche.$b[Bethesda, Md.] :$cCongressional Information Service,$d1979.$e11 X 15 cm.$5FMFIU$5FOFT
=650  \0$aPostal service$zSoviet Union$xForeign mail.
=650  \0$aPostal service$xInternational cooperation.
=650  \0$aPostal service$zUnited States.
=710  1\$aUnited States.$bCongress.$bHouse.$bCommittee on Foreign Affairs.
=810  1\$aUnited States.$b96th Congress, 1st session, 1979.$bHouse.$tReport ;$vno. 96-449.
=810  1\$aUnited States.$bCongress.$bHouse.$tReport ;$vno. 96-449.
=951  \\$101$aAMU01:000693486;$5FTaFA
=951  \\$107$aCFU01:000650778;$5FOFT
=951  \\$104$aFIU01:000565197;$5FMFIU
=951  \\$108$aUFU01:001209773;$5FU

