=LDR  02260nam a22004451i 4500
=001  022607042
=005  20111201115842.0
=007  he\bmb020baca
=008  901213r19791979dcua\\\\b\\\\f000\0\eng\d
=020  \\$bpbk.
=035  \\$a(OCoLC)05243252x
=035  \\$aocl05243252
=035  \\$agp 79017540
=040  \\$aGPO$cGPO$dCongressional Information Service
=043  \\$an-us---
=050  \\$aKF49
=074  \\$a1025-A
=086  \\$aY 4.Sci 2:96/M
=099  \\$aCIS 79 H702-29
=099  \\$aCIS Microfiche: see note in record
=099  \\$aMicrofiche
=110  1\$aUnited States.$bCongress.$bHouse.$bCommittee on Science and Technology.$bSubcommittee on Space Science and Applications.
=245  10$aOversight reports during the 95th Congress$hmicroform :$breport /$cprepared by the Subcommittee on Space Science and Applications of the Committee on Science and Technology, U.S. House of Representatives, Ninety-sixth Congress, first session.
=260  \\$aWashington :$bU.S. Govt. Print. Off.,$c1979.
=300  \\$av, 167 p. :$bill. ;$c24 cm.
=490  0\$aSerial - House, Committee on Science and Technology ;$vno. 96-M$5FMFIU$5FTaFA$5FOFT
=490  1\$aSerial - House, Committee on Science and Technology ; no. 96-M$5FU
=500  \\$aAt head of title: Committee print.$5FMFIU$5FTaFA$5FOFT$5FU
=500  \\$aJune 1979.$5FMFIU$5FTaFA$5FOFT$5FU
=500  \\$aReuse of record except for individual research requires license from Congressional Information Service, Inc.$5FMFIU$5FOFT
=500  \\$aCIS Microfiche Accession Numbers: CIS 79 H702-29$5FTaFA
=500  \\$aReuse of record except for individual research requires license from LexisNexis Academic & Library Solutions.$5FTaFA
=533  \\$aMicrofiche.$b[Bethesda, Md.] :$cLexisNexis Academic & Library Solutions,$d1979.$e11 X 15 cm.$5FTaFA
=533  \\$aMicrofiche.$b[Bethesda, Md.] :$cCongressional Information Service,$d1979.$e11 X 15 cm.$5FMFIU$5FOFT
=650  \0$aAstronautics$zUnited States.
=810  1\$aUnited States.$bCongress.$bHouse.$bCommittee on Science and Technology.$tSerial, 96th Congress ;$vno. 96-M.
=951  \\$101$aAMU01:000693653;$5FTaFA
=951  \\$107$aCFU01:000650945;$5FOFT
=951  \\$104$aFIU01:000565364;$5FMFIU
=951  \\$108$aUFU01:001205329;$5FU

