=LDR  01198cam a2200349I  4500
=001  022613866
=005  20120623083400.0
=008  741024s1960\\\\enka\\\\\b\\\\000|0\eng\\
=010  \\$a   60009644 /L
=019  \\$a1051698
=035  \\$a(OCoLC)14622705
=040  \\$aDLC$cMCL$dOCL$dSER$dFWA
=050  0\$aQH369$b.K44
=082  0\$a575
=090  \\$aQL1$b.I5 v.4
=096  \\$aQH 366 .K39i 1960
=100  1\$aKerkut, G. A.
=245  10$aImplications of evolution.
=260  \\$aOxford,$aNew York,$bPergamon Press,$cc1960.
=300  \\$a174 p.$billus.$c22 cm.
=440  \0$aInternational series of monographs on pure and applied biology.$pDivision: Zoology,$vv. 4$5FU
=490  0\$aInternational series of monographs on pure and applied biology. Division: Zoology,$vv. 4$5FPeU$5FTaSU
=490  0\$aInternational series of monographs on pure and applied biology. Division: Zoology, v. 4$5FBoU
=504  \\$aIncludes bibliography.
=650  \0$aEvolution.
=650  \0$aEvolution.
=650  \2$aInvertebrates
=650  \2$aEvolution
=951  \\$102$aFAU01:000126951;$5FBoU
=951  \\$105$aFSU01:000180738;$5FTaSU
=951  \\$108$aUFU01:000982207;$5FU
=951  \\$111$aWFU01:000107510;$5FPeU

