=LDR  02630njm a2200577Ia 4500
=001  022619906
=005  20110606111234.0
=007  sd\fsngnn\\\ed
=008  010508p20012000enkmunn\\efhi\\\\\n\zxx\d
=024  1\$a034571171654
=028  01$aCDA67165$bHyperion
=033  20$a20000914$a20000915$a20001217
=035  \\$a(OCoLC)46890929
=040  \\$aCIN$cCIN$dFNP
=041  0\$geng$gfre$gger
=047  \\$aco$asu
=050  \4$aM1004.5.M214$bP521 2001
=099  \\$aCDM$a13039
=099  \9$a7498715
=100  1\$aMacDowell, Edward,$d1860-1908.
=240  10$aInstrumental music.$kSelections
=245  10$aPiano concerto no. 1 in A minor, op. 15$h[sound recording] ;$bSecond modern suite : op. 14 ; Piano concerto no. 2 in D minor, op. 23 /$cEdward MacDowell.
=260  \\$aLondon :$bHyperion,$cp2001.
=300  \\$a1 sound disc :$bdigital, stereo. ;$c4 3/4 in.
=306  \\$a002715$a002311$a002638
=440  \4$aThe romantic piano concerto ;$v25$5FMFIU
=490  0\$aRomantic piano concerto ;$v25$5FBoU
=490  1\$aThe romantic piano concerto ;$v25$5FJUNF
=500  \\$aProgram notes in English, French, and German in container.$5FBoU$5FMFIU
=500  \\$aProgram notes by Jeremy Nicholas in English with French and German translations (31 p. : ill.) inserted in container.$5FJUNF
=500  \\$aDurations: 27:15; 23:11; 26:38.$5FJUNF$5FBoU$5FMFIU
=500  \\$aCompact disc.$5FJUNF$5FBoU$5FMFIU
=505  0\$aPiano concerto no. 1 in A minor, op. 15 -- Second modern suite : op. 14 -- Piano concerto no. 2 in D minor, op. 23.$5FBoU
=511  0\$aSeta Tanyel, piano ; BBC Scottish Symphony Orchestra ; Martyn Brabbins, conductor.
=518  \\$aRecorded Sept. 14-15 and Dec. 17, 2000, Henry Wood Hall, London.$5FBoU$5FMFIU
=518  \\$aRecorded Sept. 14-15, 2000 in Caird Hall, Dundee and Dec. 17, 2000 in Henry Wood Hall, London.$5FJUNF
=650  \0$aSuites (Piano)
=650  \0$aConcertos (Piano)
=700  1\$aBrabbins, Martyn.$4cnd
=700  1\$aTanyel, Seta.$4itr
=700  1\$aTanyel, Seta.
=700  1\$aBrabbins, Martyn.
=700  12$aMacDowell, Edward,$d1860-1908.$tModerne Suite,$nno. 2.
=700  12$aMacDowell, Edward,$d1860-1908.$tConcertos,$mpiano, orchestra,$nno. 2, op. 23,$rD minor.
=700  12$aMacDowell, Edward,$d1860-1908.$tConcertos,$mpiano, orchestra,$nno. 1, op. 15,$rA minor.
=710  2\$aBBC Scottish Symphony Orchestra.$4prf
=710  2\$aBBC Scottish Symphony Orchestra.
=830  \0$aRomantic piano concerto (Hyperion Records Ltd.) ;$v25
=951  \\$102$aFAU01:001845781;$5FBoU
=951  \\$104$aFIU01:000934730;$5FMFIU
=951  \\$109$aNFU01:000559059;$5FJUNF

