=LDR  01471nam a2200361I  4500
=001  022627929
=005  20090420151110.0
=008  820510s1957\\\\enkc\\\\\\\\\\000|0beng\\
=010  \\$aa  57006802 
=035  \\$a(OCoLC)01064741
=040  \\$cWAL$dFTU
=050  0\$aJC176.B83$bU8
=090  \\$aPR105$b.W7 no.87
=090  \\$aDA506.B9$bU8
=092  \\$a820.92$bA1, B582, no.87
=092  \\$a010.5$bB862 Suppl. no.87
=100  1\$aUtley, T. E.$q(Thomas Edwin),$d1921-1988.
=245  10$aEdmund Burke.
=260  \\$aLondon,$aNew York,$bPublished for the British Council by Longmans, Green,$c[1957]
=300  \\$a36 p.$c22 cm.
=440  \0$aBibliographical series of supplements to British Book News on writers and their work,$vno. 87$5FOFT
=490  1\$aBibliographical series of supplements to British Book News on writers and their work,$vno. 87$5FTS$5FTaSU
=490  1\$aBibliographical series of supplements to British Book News on writers and their work, no. 87$5FPeU
=504  \\$aBibliography: p. 33-36.
=600  10$aBurke, Edmund,$d1729-1797.
=830  \0$aBibliographical series of supplements to British book news,$vno. 87
=830  \0$aWriters and their work ;$vno. 87
=830  \0$aBibliographies series of supplements to British book news,$vno. 87.
=951  \\$107$aCFU01:000097090;$5FOFT
=951  \\$105$aFSU01:000645516;$5FTaSU
=951  \\$110$aSFU01:000189806;$5FTS
=951  \\$108$aUFU01:000724760;$5FU
=951  \\$111$aWFU01:000108013;$5FPeU

