=LDR  02127nam a22004691i 4500
=001  022633300
=005  20111201121042.0
=007  he\bmb020baca
=008  930806r19791979dcu\\\\\b\\\\f000\0\eng\d
=020  \\$bpbk.
=035  \\$agp 79019067
=035  \\$a(OCoLC)05066956x
=035  \\$aocl05066956
=040  \\$dMvI$dCongressional Information Service
=040  \\$aGPO$cGPO$dCongressional Information Service
=043  \\$an-us---
=050  \\$aKF49
=074  \\$a1008-A
=086  0\$a96-1:S.rp.183
=099  \\$aCIS 79 S263-21
=099  \\$aCIS Microfiche: see note in record
=099  \\$aMicrofiche
=110  1\$aUnited States.$bCongress.$bSenate.$bCommittee on Commerce, Science, and Transportation.
=245  10$aAmtrak improvement act of 1979$hmicroform :$breport to accompany S. 712.
=260  \\$a[Washington :$bU.S. Govt. Print. Off.,$c1979]
=300  \\$a33 p. ;$c24 cm.
=490  1\$aSenate report - 96th Congress, 1st session ;$vno. 96-183$5FMFIU$5FOFT$5FTaFA
=490  1\$aSenate report - 96th Congress, 1st session ; no. 96-183$5FU
=500  \\$aCaption title.$5FMFIU$5FOFT$5FTaFA$5FU
=500  \\$aReuse of record except for individual research requires license from Congressional Information Service, Inc.$5FMFIU$5FOFT
=500  \\$aMay 15, 1979.$5FMFIU$5FOFT$5FTaFA$5FU
=500  \\$aCIS Microfiche Accession Numbers: CIS 79 S263-21$5FTaFA
=500  \\$aReuse of record except for individual research requires license from LexisNexis Academic & Library Solutions.$5FTaFA
=533  \\$aMicrofiche.$b[Bethesda, Md.] :$cCongressional Information Service,$d1979.$e11 X 15 cm.$5FMFIU$5FOFT
=533  \\$aMicrofiche.$b[Bethesda, Md.] :$cLexisNexis Academic & Library Solutions,$d1979.$e11 X 15 cm.$5FTaFA
=610  20$aAmtrak$xAppropriations and expenditures.
=810  1\$aUnited States.$b96th Congress, 1st session, 1979.$bSenate.$tReport ;$vno. 96-183.
=810  1\$aUnited States.$bCongress.$bSenate.$tReport$vno. 96-183.
=951  \\$101$aAMU01:000697107;$5FTaFA
=951  \\$107$aCFU01:000651747;$5FOFT
=951  \\$104$aFIU01:000566166;$5FMFIU
=951  \\$108$aUFU01:001206457;$5FU

