=LDR  02335nam a22004331i 4500
=001  022638344
=005  20111201121241.0
=007  he\bmb020baca
=008  901213r19791979dcu\\\\\b\\\\f000\0\eng\d
=020  \\$bpbk.
=035  \\$agp 79017531
=035  \\$a(OCoLC)05215002x
=035  \\$aocl05215002
=040  \\$aGPO$cGPO$dCongressional Information Service
=043  \\$an-us---
=050  \\$aKF49
=074  \\$a1045
=086  \\$aY 4.P 96/10:96-H 8
=099  \\$aCIS 79 S321-16
=099  \\$aCIS Microfiche: see note in record
=099  \\$aMicrofiche
=110  1\$aUnited States.$bCongress.$bSenate.$bCommittee on Environment and Public Works.$bSubcommittee on Water Resources.
=245  10$aExtending the authorization of the Water Resources Council and expanding the state grant program$hmicroform :$bhearing before the Subcommittee on Water Resources of the Committee on Environment and Public Works, United States Senate, Ninety-sixth Congress, first session, on S. 480 ... S. 833 ... April 2, 1979.
=260  \\$aWashington :$bU.S. Govt. Print. Off.,$c1979.
=300  \\$aiii, 131 p. ;$c24 cm.
=490  1\$aSerial - Senate, Committee on Environment and Public Works ;$vno. 96-H 8$5FMFIU$5FOFT$5FTaFA
=490  1\$aSerial - Senate, Committee on Environment and Public Works ; no. 96-H 8$5FU
=500  \\$aReuse of record except for individual research requires license from Congressional Information Service, Inc.$5FMFIU$5FOFT
=500  \\$aCIS Microfiche Accession Numbers: CIS 79 S321-16$5FTaFA
=500  \\$aReuse of record except for individual research requires license from LexisNexis Academic & Library Solutions.$5FTaFA
=533  \\$aMicrofiche.$b[Bethesda, Md.] :$cCongressional Information Service,$d1979.$e11 X 15 cm.$5FMFIU$5FOFT
=533  \\$aMicrofiche.$b[Bethesda, Md.] :$cLexisNexis Academic & Library Solutions,$d1979.$e11 X 15 cm.$5FTaFA
=610  20$aWater Resources Council (U.S.)$xAppropriations and expenditures.
=650  \0$aWater resources development$xLaw and legislation$zUnited States.
=810  1\$aUnited States.$bCongress.$bSenate.$bCommittee on Environment and Public Works.$tSerial, 96th Congress ;$vno. 96-H 8.
=951  \\$101$aAMU01:000697251;$5FTaFA
=951  \\$107$aCFU01:000651891;$5FOFT
=951  \\$104$aFIU01:000566310;$5FMFIU
=951  \\$108$aUFU01:001205322;$5FU

