=LDR  01699nam a2200481 i 4500
=001  022646156
=005  20120623060500.0
=008  801112s1979\\\\nyua\\\j\\\\\\000|1\eng\\
=010  \\$a   80111628 /AC
=019  \\$a5453143
=020  \\$a0060218797 :$c{dollar}4.50
=035  \\$a(OCoLC)07007930
=040  \\$aDLC$cDLC$dFUG
=050  0\$aPZ7.F2462$bMad 1979
=050  0\$aPZ7.F2462$bMad
=082  0\$a[E]$219
=099  \\$a23h22290
=100  1\$aFarris, Stella.
=245  14$aThe magic blanket /$cby Stella Farris.
=250  \\$a1st ed.
=260  \\$aNew York :$bHarper & Row,$cc1979.
=300  \\$a[28] p. :$bcol. ill. ;$c16 cm.
=490  0\$aA Bedtime book$5FU
=490  1\$aBedtime book$5FTaSU
=500  \\$aImprint also notes publisher's locations in Hagerstown, San Francisco and London.$5FU
=520  \\$aText and pop-up illustrations relate a little boy's adventures when his favorite blanket takes him and his teddy on a trip through the sky.
=650  \0$aMagic$xFiction.
=650  \0$aBlankets$xFiction.
=650  \0$aMagic$vJuvenile fiction.
=650  \0$aBlankets$vJuvenile fiction.
=650  \0$aToy and movable books$vSpecimens.
=655  \7$aBooks with pop-up illustrations$y1979.
=655  \7$aToy and movable books$y1979.
=690  \4$aBldn$y1979.$5FU
=710  2\$aHarper & Row, Publishers.$4pbl
=710  2\$aIntervisual Communications, Inc.$4bkd
=752  \\$aEngland$dLondon.
=752  \\$aUnited States$bNew York$dNew York.
=752  \\$aUnited States$bMaryland$dHagerstown.
=752  \\$aUnited States$bCalifornia$dSan Francisco.
=800  1\$aFarris, Stella.$tBedtime book.
=951  \\$105$aFSU01:001327789;$5FTaSU
=951  \\$108$aUFU01:002079490;$5FU

