=LDR  02237nam a22004811i 4500
=001  022652470
=005  20111201121827.0
=007  he\bmb020baca
=008  930806r19791979dcua\\\\bb\\\f000\0\eng\d
=020  \\$bpbk.
=035  \\$a(OCoLC)05814936x
=035  \\$agp 80006666
=035  \\$aocl05814936
=040  \\$aGPO$cGPO$dCongressional Information Service
=040  \\$dMvI$dCongressional Information Service
=043  \\$an-us---
=050  \\$aKF49
=074  \\$a1008-A, 1008-A-2 (MF)
=074  \\$a1008-A, 1008-A-2 (microfiche)
=086  0\$aX 96-1:S.rp.402
=099  \\$aCIS 79 S403-23
=099  \\$aCIS Microfiche: see note in record
=099  \\$aMicrofiche
=110  1\$aUnited States.$bCongress.$bSenate.$bCommittee on Governmental Affairs.
=245  10$aReorganization plan no. 3 of 1979$hmicroform :$breport of the Committee on Governmental Affairs, United States Senate, to accompany S. Res. 245.
=260  \\$aWashington :$bU.S. Govt. Print. Off.,$c1979.
=300  \\$aiii, 66 p. :$bill. ;$c24 cm.
=490  1\$aSenate report - 96th Congress, 1st session ; no. 96-402$5FU
=490  1\$aSenate report - 96th Congress, 1st session ;$vno. 96-402$5FMFIU$5FTaFA
=500  \\$aReuse of record except for individual research requires license from LexisNexis Academic & Library Solutions.$5FTaFA
=500  \\$aCIS Microfiche Accession Numbers: CIS 79 S403-23$5FTaFA
=500  \\$aReuse of record except for individual research requires license from Congressional Information Service, Inc.$5FMFIU
=500  \\$aNov. 7, 1979.$5FMFIU$5FTaFA$5FU
=504  \\$aIncludes bibliographical references.
=533  \\$aMicrofiche.$b[Bethesda, Md.] :$cLexisNexis Academic & Library Solutions,$d1979.$e11 X 15 cm.$5FTaFA
=533  \\$aMicrofiche.$b[Bethesda, Md.] :$cCongressional Information Service,$d1979.$e11 X 15 cm.$5FMFIU
=650  \0$aForeign trade promotion$zUnited States.
=651  \0$aUnited States$xCommercial policy.
=810  1\$aUnited States.$b96th Congress, 1st session, 1979.$bSenate.$tReport ;$vno. 96-402.
=810  1\$aUnited States.$bCongress.$bSenate.$tReport$vno. 96-402.
=951  \\$101$aAMU01:000698187;$5FTaFA
=951  \\$104$aFIU01:000566708;$5FMFIU
=951  \\$108$aUFU01:001213573;$5FU

