=LDR  01307cam a2200313Ia 4500
=001  022659161
=005  20120623031900.0
=008  860701s1986\\\\txuab\\\\b\\\\000|0\eng\d
=035  \\$a(OCoLC)13808244
=040  \\$aANG$cANG$dVPI
=043  \\$an-us-tx
=090  \\$aQE168.B5$bG4 1986
=245  00$aGeology of the Big Bend area and Solitario Dome, Texas :$b1986 field trip guidebook /$cWest Texas Geological Society ; Paul H. Pausé, R. Gay Spears, editors.
=260  \\$a[Midland, Tex.?] :$bWest Texas Geological Society,$c1986.
=300  \\$axvi, 279 p. :$bill. (some col.), maps. ;$c29 cm.
=490  0\$aPublication / West Texas Geological Society ;$v86-82$5FBoU
=490  1\$aPublication / West Texas Geological Society ;$vno. 86-82$5FTS
=500  \\$aPart of illustrative matter (3 folded leaves) in pocket.$5FTS$5FBoU
=504  \\$aIncludes bibliographies.
=650  \0$aGeology$zTexas$zBig Bend Region$vGuidebooks.
=650  \0$aGeology$zTexas$vGuidebooks.
=651  \0$aSolitario (Big Bend Region, Texas)
=651  \0$aBig Bend Region (Tex.)
=700  1\$aPausé, Paul H.
=700  1\$aSpears, R. Gay.
=710  2\$aWest Texas Geological Society.
=830  \0$aPublication (West Texas Geological Society) ;$vno. 86-82.
=951  \\$102$aFAU01:000262973;$5FBoU
=951  \\$110$aSFU01:001078242;$5FTS

