=LDR  02249nam a22004451i 4500
=001  022666605
=005  20111201122422.0
=007  he\bmb020baca
=008  901213r19801980dcu\\\\\bb\\\f000\0\eng\d
=020  \\$bpbk.
=035  \\$agp 80024906
=035  \\$a(OCoLC)06660304x
=035  \\$aocl06660304
=040  \\$aGPO$cGPO$dCongressional Information Service
=043  \\$an-us---
=050  \\$aKF49
=074  \\$a1010
=086  0\$aY 4.Ag 8/1:96-CCC
=099  \\$aCIS 80 H161-30
=099  \\$aCIS Microfiche: see note in record
=099  \\$aMicrofiche
=110  1\$aUnited States.$bCongress.$bHouse.$bCommittee on Agriculture.$bSubcommittee on Department Investigations, Oversight, and Research.
=245  10$aPlant variety protection act amendments$hmicroform :$bhearings before the Subcommittee on Department Investigations, Oversight, and Research of the Committee on Agriculture, House of Representatives, Ninety-sixth Congress, first and second sessions, on H.R. 999, July 19, 1979, and April 22, 1980.
=260  \\$aWashington :$bU.S. Govt. Print. Off.,$c1980.
=300  \\$av, 330 p. ;$c24 cm.
=490  0\$aSerial - House, Committee on Agriculture ;$vno. 96-CCC$5FMFIU$5FOFT$5FTaFA
=490  1\$aSerial - House, Committee on Agriculture ; no. 96-CCC$5FU
=500  \\$aReuse of record except for individual research requires license from Congressional Information Service, Inc.$5FMFIU$5FOFT
=500  \\$aCIS Microfiche Accession Numbers: CIS 80 H161-30$5FTaFA
=500  \\$aReuse of record except for individual research requires license from LexisNexis Academic & Library Solutions.$5FTaFA
=504  \\$aIncludes bibliographical references.
=533  \\$aMicrofiche.$b[Bethesda, Md.] :$cCongressional Information Service,$d1980.$e11 X 15 cm.$5FMFIU$5FOFT
=533  \\$aMicrofiche.$b[Bethesda, Md.] :$cLexisNexis Academic & Library Solutions,$d1980.$e11 X 15 cm.$5FTaFA
=650  \0$aPlant breeding.
=650  \0$aPlant varieties$xProtection.
=810  1\$aUnited States.$bCongress.$bHouse.$bCommittee on Agriculture,$tSerial, 96th Congress ;$vno. 96-CCC.
=951  \\$101$aAMU01:000698557;$5FTaFA
=951  \\$107$aCFU01:000652695;$5FOFT
=951  \\$104$aFIU01:000567114;$5FMFIU
=951  \\$108$aUFU01:001226274;$5FU

