=LDR  00877cam a2200289I  4500
=001  022673110
=005  20080409122051.0
=008  721115s1963\\\\fr\ab\\\\b\\\i000|0\frem\
=010  \\$a65069379
=035  \\$a(OCoLC)00494904
=040  \\$aDLC$cWSU$dSER$dOCL$dB2Q$dOCLCQ$dFUG
=043  \\$afd-----
=050  0\$aGN651$b.U5
=090  \\$aGB611$b.A74 no.19
=092  \\$a305.0966$bU58n
=110  2\$aUnesco.
=245  10$aNomades et nomadisme au Sahara.
=260  \\$a[Paris,$c1963]
=300  \\$a195 p.$billus., maps.$c24 cm.
=490  0\$aIt's Recherches sur la zone arides, 19$5FTaSU
=490  1\$aUnesco. Recherches sur la zone arides,$v19$5FU
=504  \\$aBibliography: p. 185-195.
=650  \0$aEthnology$zSahara.
=650  \0$aNomads.
=810  2\$aUnesco.$tRecherches sur la zone arides ;$v19.
=951  \\$105$aFSU01:000106722;$5FTaSU
=951  \\$108$aUFU01:000784282;$5FU

