=LDR  02519nam a22005651i 4500
=001  022679908
=005  20111201123015.0
=007  he\bmb020baca
=008  930806r19801980dcu\\\\\b\\\\f000\0\eng\d
=020  \\$bpbk.
=035  \\$aocl06825525
=035  \\$agp 80026564
=035  \\$a(OCoLC)06825525x
=040  \\$dMvI$dCongressional Information Service
=040  \\$aGPO$cGPO$dCongressional Information Service
=043  \\$an-us---
=050  \\$aKF49
=074  \\$a1008-C, 1008-D (MF)
=074  \\$a1008-C, 1008-D (microfiche)
=086  0\$aX 96-2:H.rp.1401
=099  \\$aCIS 80 H343-22
=099  \\$aX 96-2:H.rp.1401
=099  \\$aCIS Microfiche: see note in record
=099  \\$aMicrofiche
=110  1\$aUnited States.$bCongress.
=245  10$aDomestic violence prevention and services act$hmicroform :$bconference report to accompany H.R. 2977.
=260  \\$a[Washington :$bU.S. Govt. Print. Off.,$c1980]
=300  \\$a43 p. ;$c24 cm.
=490  1\$aHouse report - 96th Congress, 2d session ;$vno. 96-1401$5FMFIU$5FTaFA
=490  1\$aHouse report - 96th Congress, 2d session ; no. 96-1401$5FTS$5FU$5FOFT
=500  \\$aReuse of record except for individual research requires license from LexisNexis Academic & Library Solutions.$5FTaFA
=500  \\$aCIS Microfiche Accession Numbers: CIS 80 H343-22$5FTaFA
=500  \\$aMONTHLY CATALOG NUMBER: gp 80026564$5FTS
=500  \\$aReuse of record except for individual research requires license from Congressional Information Service, Inc.$5FMFIU
=500  \\$aSept. 25, 1980.$5FMFIU$5FTS$5FTaFA$5FU$5FOFT
=500  \\$aCaption title.$5FMFIU$5FTS$5FTaFA$5FU$5FOFT
=500  \\$aMonthly Catalog Number: gp 0026564$5FOFT
=533  \\$aMicrofiche.$b[Bethesda, Md.] :$cLexisNexis Academic & Library Solutions,$d1980.$e11 X 15 cm.$5FTaFA
=533  \\$aMicrofiche.$b[Bethesda, Md.] :$cCongressional Information Service,$d1980.$e11 X 15 cm.$5FMFIU
=650  \0$aConjugal violence$zUnited States.
=650  \0$aMarital violence$zUnited States.
=650  \0$aAbused wives$xServices for$zUnited States.
=650  \0$aAbused wives$xLegal status, laws, etc.$zUnited States.
=810  1\$aUnited States.$b96th Congress, 2d session, 1980.$bHouse.$tReport ;$vno. 96-1401.
=810  1\$aUnited States.$bCongress.$bHouse.$tReport ;$vno. 96-1401.
=951  \\$101$aAMU01:000698942;$5FTaFA
=951  \\$107$aCFU01:000476765;$5FOFT
=951  \\$104$aFIU01:000567496;$5FMFIU
=951  \\$110$aSFU01:000590470;$5FTS
=951  \\$108$aUFU01:001227412;$5FU

