=LDR  02007cam a2200385I  4500
=001  022687292
=005  20120413092528.0
=008  090513e197407\\maua\\\\\tb\\f000\0\eng\d
=019  \\$a52263037$a320895329
=035  \\$a(OCoLC)320894957
=040  \\$aLHL$cLHL$dKLG
=086  0\$aD 301.45/40:598
=088  \\$aAFCRL TR 74-335
=088  \\$aAD 0787651
=100  1\$aFante, Ronald L.
=245  10$aIntensity, coherence, and frequency spectrum of a focussed beam in a random medium /$cRonald L. Fante.
=246  10$aIntensity, coherence, and frequency spectrum of a focused beam in a random medium.
=260  \\$aL. G. Hanscom Field, Mass. :$bAir Force Cambridge Research Laboratories, Air Force Systems Command, United States Air Force,$c1974.
=300  \\$a22 p. :$bill. ;$c28 cm.
=490  1\$aAFCRL TR ;$v74-335$5FU
=490  1\$aPhysical sciences research papers ;$vno. 598$5FU
=500  \\$a"26 July 1974."$5FU
=500  \\$aAD0787651 (from http://www.dtic.mil).$5FU
=500  \\$aMicrowave Physics Laboratory Project 2153.$5FU
=500  \\$aResearch supported by the$5FU
=504  \\$aIncludes bibliographical references (p. 19).
=520  \\$aNumerical results have been obtained for the effect of the strength of turbulence on the intensity, mutual coherence function, and frequency spectrum of a focussed beam propagating in a random medium having a von Karman spectrum for the index of refraction fluctuations. The author has presented conditions for when the turbulence affects the nature of the beam and has demonstrated the validity of these conditions by comparison with the numerical results. (Author)
=650  \0$aLaser beams.
=650  \0$aRefractive index.
=650  \0$aSpectrum analysis.
=650  \0$aCoherence (Optics)
=710  2\$aAir Force Cambridge Research Laboratories (U.S.)
=830  \0$aAFCRL-TR (Series) ;$v74-335.
=830  \0$aPhysical sciences research papers (Air Force Cambridge Research Laboratories (U.S.)) ;$vno. 598.
=951  \\$108$aUFU01:002564352;$5FU

