=LDR  01720nam a22003011i 4500
=001  022693977
=005  20111201123617.0
=007  he\bmb020baca
=008  901213r19801980mdu\\\\\b\\\\f000|0\eng\d
=035  \\$a(OCoLC)06177692x
=040  \\$aLLT$cLLT$dGPO$dCongressional Information Service
=043  \\$an-us---
=050  \\$aKF49
=074  \\$a1019
=086  0\$aY 4.In 8/4:96-93
=099  \\$aCIS 80 H501-48
=110  1\$aUnited States.$bCongress.$bHouse.$bCommittee on Interstate and Foreign Commerce.$bSubcommittee on Oversight and Investigations.
=245  10$aIncentives for energy conservation$hmicroform :$bjoint hearing before the Subcommittee on Oversight and Investigations of the Committee on Interstate and Foreign Commerce, U.S. House of Representatives and the Subcommittee on the City of the Committee on Banking, Finance, and Urban Affairs, Ninety-sixth Congress, first session, October 26, 1979.
=260  \\$aWashington :$bU.S. Govt. Print. Off.,$c1980.
=300  \\$av, 237 p. ;$c24 cm.
=490  1\$aSerial - House, Committee on Banking, Finance, and Urban Affairs ;$vno. 96-43$5FMFIU$5FOFT
=490  1\$aSerial - House, Committee on Interstate and Foreign Commerce ;$vno. 96-93$5FMFIU$5FOFT
=500  \\$aReuse of record except for individual research requires license from Congressional Information Service, Inc.$5FMFIU$5FOFT
=533  \\$aMicrofiche.$b[Bethesda, Md.] :$cCongressional Information Service,$d1980.$e11 X 15 cm.$5FMFIU$5FOFT
=650  \0$aEnergy conservation$zUnited States.
=710  1\$aUnited States.$bCongress.$bHouse.$bCommittee on Banking, Finance, and Urban Affairs.$bSubcommittee on the City.
=951  \\$107$aCFU01:000653468;$5FOFT
=951  \\$104$aFIU01:000567887;$5FMFIU

