=LDR  01512cam a2200337I  4500
=001  022699610
=005  20120623061800.0
=008  750107s1962\\\\enkh\\\\\\\\\\000|0\engm\
=010  \\$a   63002235 //r
=035  \\$a(OCoLC)01133065
=040  \\$aDLC$cWPG$dOCL$dm.c.$dFWA
=050  \\$aPR1119$b.A2 no. 249
=082  0\$a271.90698
=092  \\$a820.8$bE12 no.249
=130  0\$aAncren riwle.
=245  10$aAncrene wisse;$bthe English text of the Ancrene riwle, edited from ms. Corpus Christi College, Cambridge 402,$cby J. R. R. Tolkien. With an introd. by N. R. Ker.
=260  \\$aLondon,$aNew York,$bPublished for the Early English Text Society by the Oxford University Press$c[c1962]
=300  \\$axviii, 222 p.$bfacsims.$c22 cm.
=490  1\$aEarly English Text Society. Publications. Original series, no. 249, 1962 (for 1960)$5FPeU$5FTaSU
=490  1\$aEarly English Text Society. Publications,$vno. 249$5FMFIU$5FU
=650  \0$aMonasticism and religious orders for women.
=650  \0$aMonasticism and religious orders$xRules.
=700  1\$aTolkien, J. R. R.$q(John Ronald Reuel),$d1892-1973$eed.
=700  1\$aTolkien, J. R. R.$q(John Ronald Reuel),$d1892-1973
=830  \0$aEarly English Text Society (Series).$pOriginal series,$vno. 249.
=830  \0$aEarly English Text Society (Series)$vno. 249.
=951  \\$104$aFIU01:000111377;$5FMFIU
=951  \\$105$aFSU01:000818664;$5FTaSU
=951  \\$110$aSFU01:000393422;$5FTS
=951  \\$108$aUFU01:000761135;$5FU
=951  \\$111$aWFU01:000110558;$5FPeU

