=LDR  02676nam a22005651i 4500
=001  022705242
=005  20111201124104.0
=007  he\bmb020baca
=008  930806r19801980dcu\\\\\b\\\\f000\0\eng\d
=020  \\$bpbk.
=035  \\$aocl06368287
=035  \\$agp 80017230
=035  \\$a(OCoLC)06368287x
=040  \\$dMvI$dCongressional Information Service
=040  \\$aGPO$cGPO$dMvI-ran$dCongressional Information Service
=043  \\$an-us---
=050  \\$aKF49
=074  \\$a1008-C, 1008-D (microfiche)
=074  \\$a1008-C, 1008-D (MF)
=086  0\$aX 96-2:H.rp.928/pt.1
=099  \\$aX 96-2:H.rp.928/pt.1
=099  \\$aCIS 80 H623-2
=099  \\$aCIS Microfiche: see note in record
=099  \\$aMicrofiche
=110  1\$aUnited States.$bCongress.$bHouse.$bCommittee on Post Office and Civil Service.
=245  10$aConfidentiality of shippers' export declaration$hmicroform :$breport to accompany H.R. 6842 /$creferred jointly to the Committee on Post Office and Civil Service and the Committee on Merchant Marine and Fisheries.
=260  \\$a[Washington :$bU.S. Govt. Print. Off.,$c1980- ]
=300  \\$av. ;$c24 cm.
=490  1\$aHouse report - 96th Congress, 2d session ;$vno. 96-928$5FMFIU$5FTaFA
=490  1\$aHouse report - 96th Congress, 2d session ; no. 96-928$5FTS$5FU$5FOFT
=500  \\$aReuse of record except for individual research requires license from LexisNexis Academic & Library Solutions.$5FTaFA
=500  \\$aCIS Microfiche Accession Numbers: CIS 80 H623-2$5FTaFA
=500  \\$aCaption title.$5FMFIU$5FTS$5FTaFA$5FU$5FOFT
=500  \\$aPt. 1, May 8, 1980.$5FMFIU$5FTS$5FTaFA$5FU$5FOFT
=500  \\$aMONTHLY CATALOG NUMBER: gp 80017230$5FTS
=500  \\$aReuse of record except for individual research requires license from Congressional Information Service, Inc.$5FMFIU
=500  \\$aMonthly Catalog Number: gp 0017230$5FOFT
=533  \\$aMicrofiche.$b[Bethesda, Md.] :$cLexisNexis Academic & Library Solutions,$d1980.$e11 X 15 cm.$5FTaFA
=533  \\$aMicrofiche.$b[Bethesda, Md.] :$cCongressional Information Service,$d1980.$e11 X 15 cm.$5FMFIU
=650  \0$aGovernment information$zUnited States.
=650  \0$aShips$xCargo.
=650  \0$aCargo ships
=710  1\$aUnited States.$bCongress.$bHouse.$bCommittee on Merchant Marine and Fisheries
=810  1\$aUnited States.$b96th Congress, 2d session, 1980.$bHouse.$tReport ;$vno. 96-928.
=810  1\$aUnited States.$bCongress.$bHouse.$tReport ;$vno. 96-928.
=951  \\$101$aAMU01:000704969;$5FTaFA
=951  \\$107$aCFU01:000475041;$5FOFT
=951  \\$104$aFIU01:000568224;$5FMFIU
=951  \\$110$aSFU01:000587543;$5FTS
=951  \\$108$aUFU01:001221135;$5FU

