=LDR  01011nam a2200301I  4500
=001  022711113
=005  20060426084355.0
=008  781011s1949\\\\fr\\\\\\\\\\\\000|1\fre\\
=010  \\$a   49049157 
=035  \\$a(OCoLC)04284892
=040  \\$aDLC$cAKR$dFDA
=050  0\$aPQ2637.A82$bM56
=082  0\$a843.91
=092  \\$a843.91$bS251mo
=100  1\$aSartre, Jean-Paul,$d1905-1980.
=245  13$aLa mort dans l'âme, :$broman.
=260  \\$a[Paris] :$bGallimard,$c[1949].
=300  \\$a293 p.
=440  \0$aChemins de la liberté ;$v3$5FOFT
=490  0\$aHis Les chemins de la liberté, 3$5FTaSU
=490  1\$aSartre, Jean Paul, 1905- Les chemins de la liberté,$v3$5FSsNC
=700  1\$aSartre, Jean-Paul,$d1905-1980.$tChemins de la liberté.
=740  0\$aChemins de la liberté.
=800  1\$aSartre, Jean Paul,$d1905-$tChemins de la liberté,$v3
=951  \\$107$aCFU01:000166868;$5FOFT
=951  \\$105$aFSU01:000377203;$5FTaSU
=951  \\$106$aNCU01:000088386;$5FSsNC
=951  \\$108$aUFU01:000689761;$5FU

