=LDR  02296nam a22004811i 4500
=001  022717294
=005  20111201134107.0
=007  he\bmb020baca
=008  901213r19801979dcu\\\\\b\\\\f000\0\eng\d
=020  \\$bpbk.
=035  \\$agp 80015761
=035  \\$a(OCoLC)06157549x
=035  \\$aocl06157549
=040  \\$aFTC$cFTC$dGPO$dCongressional Information Service
=043  \\$an-us---
=050  \\$aKF49
=074  \\$a1028
=086  0\$aY 4.W 36:96-39
=099  \\$aCIS 80 H781-9
=099  \\$aCIS Microfiche: see note in record
=099  \\$aMicrofiche
=110  1\$aUnited States.$bCongress.$bHouse.$bCommittee on Ways and Means.$bSubcommittee on Health.
=245  10$aSystem of hospital uniform reporting (SHUR)$hmicroform :$bhearing before the Subcommittee on Health of the Committee on Ways and Means, House of Representatives, Ninety-sixth Congress, first session. July 27, 1979.
=260  \\$aWashington :$bU.S. Govt. Print. Off.,$c1979.
=300  \\$av, 248 p. :$bgraphs ;$c24 cm.
=490  0\$aSerial - House, Committee on Ways and Means ;$vno. 96-39$5FMFIU$5FOFT$5FTaFA
=490  1\$aSerial - House, Committee on Ways and Means ; no. 96-39$5FU
=500  \\$aReuse of record except for individual research requires license from Congressional Information Service, Inc.$5FMFIU$5FOFT
=500  \\$aReuse of record except for individual research requires license from LexisNexis Academic & Library Solutions.$5FTaFA
=500  \\$aCIS Microfiche Accession Numbers: CIS 80 H781-9$5FTaFA
=504  \\$aIncludes bibliographical references.
=533  \\$aMicrofiche.$b[Bethesda, Md.] :$cCongressional Information Service,$d1980.$e11 X 15 cm.$5FMFIU$5FOFT
=533  \\$aMicrofiche.$b[Bethesda, Md.] :$cLexisNexis Academic & Library Solutions,$d1980.$e11 X 15 cm.$5FTaFA
=650  \0$aMedical care, Cost of$zUnited States.
=650  \0$aMedicaid.
=650  \0$aMedicare$xCost control.
=650  \0$aHospitals$zUnited States$xAdministration.
=650  \0$aHospitals$zUnited States$xAccounting.
=810  1\$aUnited States.$bCongress.$bHouse.$bCommittee on Ways and Means.$tSerial, 96th Congress ;$vno. 96-39.
=951  \\$101$aAMU01:000705311;$5FTaFA
=951  \\$107$aCFU01:000654139;$5FOFT
=951  \\$104$aFIU01:000568558;$5FMFIU
=951  \\$108$aUFU01:001220079;$5FU

