=LDR  02363nam a22005291i 4500
=001  022722542
=005  20111201134324.0
=007  he\bmb020baca
=008  901213r19801980dcu\\\\\bb\\\f000\0\eng\d
=010  \\$a   80602790 
=020  \\$bpbk.
=035  \\$aocl06584320
=035  \\$a(OCoLC)06584320x
=035  \\$agp 80022852
=040  \\$aGPO$cGPO$dMvI-ran$dCongressional Information Service
=043  \\$an-us---
=050  \\$aKF49
=050  0\$aKF27.5$b.N3 1980
=074  \\$a1009
=086  0\$aY 4.N 16:96-2-2
=099  \\$aCIS 80 H961-16
=099  \\$aCIS Microfiche: see note in record
=099  \\$aMicrofiche
=110  1\$aUnited States.$bCongress.$bHouse.$bSelect Committee on Narcotics Abuse and Control
=245  14$aThe use of drugs during pregnancy$hmicroform :$bhearing before the Select Committee on Narcotics Abuse and Control, House of Representatives, Ninety-sixth Congress, second session, February 6, 1980.
=260  \\$aWashington :$bU.S. Govt. Print. Off.,$c1980.
=300  \\$aiii, 99 p. ;$c24 cm.
=490  1\$aSCNAC ;$vno. 96-2-2$5FMFIU$5FOFT$5FTaFA
=490  1\$aSCNAC ; no. 96-2-2$5FU
=500  \\$aCIS Microfiche Accession Numbers: CIS 80 H961-16$5FTaFA
=500  \\$aReuse of record except for individual research requires license from LexisNexis Academic & Library Solutions.$5FTaFA
=500  \\$a"SCNAC-96-2-2."$5FJUNF
=500  \\$aReuse of record except for individual research requires license from Congressional Information Service, Inc.$5FMFIU$5FOFT
=504  \\$aIncludes bibliographies.
=533  \\$aMicrofiche.$b[Bethesda, Md.] :$cCongressional Information Service,$d1980.$e11 X 15 cm.$5FMFIU$5FOFT
=533  \\$aMicrofiche.$b[Bethesda, Md.] :$cLexisNexis Academic & Library Solutions,$d1980.$e11 X 15 cm.$5FTaFA
=650  \0$aPregnant women$zUnited States$xDrug use.
=650  \0$aDrug abuse in pregnancy$zUnited States.
=650  \0$aPregnant women$xDrug use$zUnited States.
=650  \0$aFetus$xEffect of drugs on.
=810  1\$aUnited States.$bCongress.$bHouse.$bSelect Committee on Narcotics Abuse and Control.$tSerial, 96th Congress ;$vno. 96-2-2.
=098  98$aY4.N16:96-2-2
=951  \\$101$aAMU01:000705473;$5FTaFA
=951  \\$107$aCFU01:000654301;$5FOFT
=951  \\$104$aFIU01:000568720;$5FMFIU
=951  \\$109$aNFU01:000319182;$5FJUNF
=951  \\$108$aUFU01:001225046;$5FU

