=LDR  02450nam a22005411i 4500
=001  022732206
=005  20111201134737.0
=007  he\bmb020baca
=008  930806r19801980dcu\\\\\b\\\\f000\0\eng\d
=020  \\$bpbk.
=035  \\$aocl06465270
=035  \\$agp 80019255
=035  \\$a(OCoLC)06465270x
=040  \\$dMvI$dCongressional Information Service
=040  \\$aGPO$cGPO$dCongressional Information Service
=043  \\$an-us---
=050  \\$aKF49
=074  \\$a1008-C, 1008-D (microfiche)
=074  \\$a1008-C, 1008-D (MF)
=086  0\$aX 96-2:S.rp.748
=099  \\$aCIS 80 S203-3
=099  \\$aX 96-2:S.rp.748
=099  \\$aCIS Microfiche: see note in record
=099  \\$aMicrofiche
=110  1\$aUnited States.$bCongress.$bSenate.$bCommittee on Armed Services.
=245  10$aChanges to the survivor benefit program for retired military personnel$hmicroform :$breport to accompany S. 91.
=260  \\$a[Washington :$bU.S. Govt. Print. Off.,$c1980]
=300  \\$a22 p. ;$c24 cm.
=490  1\$aSenate report - 96th Congress, 2d session ; no. 96-748$5FTS$5FU$5FOFT
=490  1\$aSenate report - 96th Congress, 2d session ;$vno. 96-748$5FMFIU$5FTaFA
=500  \\$aMay 15, 1980.$5FMFIU$5FTS$5FTaFA$5FU$5FOFT
=500  \\$aCaption title.$5FMFIU$5FTS$5FTaFA$5FU$5FOFT
=500  \\$aReuse of record except for individual research requires license from LexisNexis Academic & Library Solutions.$5FTaFA
=500  \\$aCIS Microfiche Accession Numbers: CIS 80 S203-3$5FTaFA
=500  \\$aReuse of record except for individual research requires license from Congressional Information Service, Inc.$5FMFIU
=500  \\$aMONTHLY CATALOG NUMBER: gp 80019255$5FTS
=500  \\$aMonthly Catalog Number: gp 0019255$5FOFT
=533  \\$aMicrofiche.$b[Bethesda, Md.] :$cLexisNexis Academic & Library Solutions,$d1980.$e11 X 15 cm.$5FTaFA
=533  \\$aMicrofiche.$b[Bethesda, Md.] :$cCongressional Information Service,$d1980.$e11 X 15 cm.$5FMFIU
=650  \0$aVeterans$xLegal status, laws, etc.$zUnited States.
=650  \0$aSurvivors' benefits$zUnited States.
=810  1\$aUnited States.$bCongress.$bSenate.$tReport$vno. 96-748.
=810  1\$aUnited States.$b96th Congress, 2d session, 1980.$bSenate.$tReport ;$vno. 96-748.
=951  \\$101$aAMU01:000731225;$5FTaFA
=951  \\$107$aCFU01:000475364;$5FOFT
=951  \\$104$aFIU01:000569029;$5FMFIU
=951  \\$110$aSFU01:000588285;$5FTS
=951  \\$108$aUFU01:001222662;$5FU

