=LDR  01663nam a2200325I  4500
=001  022738403
=005  20120601150518.0
=008  090608e197903\\maua\\\\\tb\\f100\0\eng\d
=035  \\$a(OCoLC)373865621
=040  \\$aLHL$cLHL
=086  0\$aD 301.45/42:217
=088  \\$aAFGL TR 79-53
=100  1\$aRice, Catherine L.
=245  10$aProceedings, Tenth AFGL Scientific Balloon Symposium, 21 August to 23 August 1978 /$cCatherine L. Rice, editor.
=260  \\$aHanscom AFB, Mass. :$bAir Force Geophysics Laboratory, Air Force Systems Command, United States Air Force,$c1979.
=300  \\$a543 p. :$bill. ;$c28 cm.
=490  1\$aSpecial reports ;$vno. 217$5FU
=490  1\$aAFGL TR ;$v79-53$5FU
=500  \\$a"1 March 1979."$5FU
=500  \\$aAerospace Instrumentation Division Project 7659.$5FU
=500  \\$aResearch supported by the Air Force Geophysics Laboratory, Air Force Systems Command, United States Air Force, Hanscom AFB, Massachusetts.$5FU
=504  \\$aIncludes bibliographical references.
=520  \\$aThis publication contains the Keynote Address and twenty-nine papers presented at the Tenth AFGL Scientific Balloon Symposium, 21-23 August 1978, at Portsmouth, NH. The five sessions were entitled: Balloon Technology - Progress and Problems; Manned Flights; Stratospheric Measurements; Airship Design Concepts; and Methods and Models.
=650  \0$aBalloons$vCongresses.
=650  \0$aStratosphere.
=700  1\$aRice, Catherine L.
=710  2\$aU.S. Air Force Geophysics Laboratory.
=830  \0$aAFGL-TR ;$v79-53.
=830  \0$aSpecial reports (Air Force Cambridge Research Laboratories (U.S.)) ;$vno. 217.
=951  \\$108$aUFU01:002565911;$5FU

