=LDR  05332cam a22005898a 4500
=001  022743282
=005  20120309112930.0
=008  960209s1996\\\\gw\a\\\\\b\\\\101|0\eng\\
=010  \\$a   96006928 
=020  \\$a3540609237 (softcover : alk. paper)
=035  \\$a(OCoLC)34318834
=040  \\$aDLC$cDLC$dFUG
=050  00$aQ325.5$b.I55 1996
=082  00$a006.3/1$220
=111  2\$aInternational Joint Conference on Artificial Intelligence$n(14th :$d1995 :$cMontréal, Canada)
=245  10$aAdaption and learning in multi-agent systems :$bIJCAI'95 workshop, Montréal, Canada, August 21, 1995, proceedings /$cGerhard Weiss, Sandip Sen,(eds.).
=260  \\$aBerlin ;$aNew York :$bSpringer-Verlag,$c1996.
=300  \\$ax, 238 p. :$bill. ;$c24 cm.
=490  1\$aLecture notes in computer science ;$v1042.$aLecture notes in artificial intelligence$5FTS$5FOFT
=490  1\$aLecture notes in artificial intelligence ;$v1042.$aLecture notes in computer science$5FU$5FMFIU
=504  \\$aIncludes bibliographical references and index.
=505  0\$aAdaptation and learning in multi-agent systems : some remarks and a bibliography / Gerhard Weiss -- Refinement in agent groups / Ciara Byrne and Peter Edwards -- Opponent modeling in multi-agent systems / David Carmel and Shaul Markovitch -- A multi-agent environment for Department of Defense distributions / Laurence Glicoes, Richard Staats, and Michael Huhns -- Mutually supervised learning in multiagent systems / Claudia V. Goldman and Jeffrey S. Rosenschein -- A framework for distributed reinforcement learning / Pan Gu and Anthony B. Maddox --Evolving behavioral strategies in predators and prey / Thomas Haynes and Sandip Sen -- To learn or not to learn / Anupam Joshi -- A user-adaptive interface agency for interaction with a virtual environment / Britta Lenzmann and Ipke Wachsmuth -- Learning in multi-robot systems / Maja J. Matarić -- Learn your opponent's strategy (in polynomial time)! / Yishay Mor, Claudia V. Goldman, and Jeffrey S. Rosenschein -- Learning to reduce communication cost on task negotiation among multiple autonomous mobile robots / Takuya Ohko, Kazuo Hiraki, and Yuichiro Anzai -- On multiagent Q-learning in a semi-competitive domain / Tuomas W. Sandholm and Robert H. Crites -- Using reciprocity to adapt to others ; Multiagent coordination with learning classifier systems / Sundip Sen and Mahendra Sekaran.$5FTS$5FOFT
=599  \\$aFCLA 20130614
=650  \0$aMachine learning$vCongresses.
=650  \0$aDistributed artificial intelligence$vCongresses.
=650  \0$aElectronic data processing$xDistributed processing$vCongresses.
=700  1\$aWeiss, Gerhard,$d1962-
=700  1\$aSen, Sandip,$d1964-
=830  \0$aLecture notes in computer science.$pLecture notes in artificial intelligence.
=830  \0$aLecture notes in computer science ;$v1042.
=856  40$3SpringerLink$uhttp://ezproxy.fiu.edu/login?url=http://dx.doi.org/10.1007/3-540-60923-7$yFIU users: view content here$5FMFIU
=970  01$tIntroduction
=970  21$tAdaptation and Learning in Multi-Agent Systems: Some Remarks and a Bibliography$cGerhard Weiss$fWeiss, Gerhard$p1
=970  21$tRefinement in Agent Groups$cCiara Byrne$fByrne, Ciara$cPeter Edwards$fEdwards, Peter$p22
=970  21$tOpponent Modeling in Multi-Agent Systems$cDavid Carmel$fCarmel, David$cShaul Markovitch$fMarkovitch, Shaul$p40
=970  21$tMulti-Agent Environment for Department of Defense Distribution$cLaurence Glicoes$fGlicoes, Laurence$cRichard Staats$fStaats, Richard$cMichael Huhns$fHuhns, Michael$p53
=970  21$tMutually Supervised Learning in Multiagent Systems$cClaudia V. Goldman$fGoldman, Claudia V.$cJeffrey S. Rosenschein$fRosenschein, Jeffrey S.$p85
=970  21$tFramework for Distributed Reinforcement Learning$cPan Gu$fPan, Gu$cAnthony B. Maddox$fMaddox, Anthony B.$p97
=970  21$tEvolving Behavioral Strategies in Predators and Prey$cThomas Haynes$fHaynes, Thomas$cSandip Sen$fSen, Sandip, 1964-$p113
=970  21$tTo Learn or Not to Learn$cAnupam Joshi$fJoshi, Anupam$p127
=970  21$tUser-Adaptive Interface Agency for Interaction with a Virtual Environment$cBritta Lenzmann$fLenzmann, Britta$cIpke Wachsmuth$fWachsmuth, Ipke.$p140
=970  21$tLearning in Multi-Robot Systems$cMaja J. Mataric$fMataric, Maja J.$p152
=970  21$tLearn Your Opponent's Strategy (in Polynomial Time)$cYishay Mor$fMor, Yishay$cClaudia V. Goldman$fGoldman, Claudia V.$cJeffrey S. Rosenschein$fRosenschein, Jeffrey S.$p164
=970  21$tLearning to Reduce Communication Cost on Task Negotiation among Multiple Autonomous Mobile Robots$cTakuya Ohko$fOhko, Takuya$cKazuo Hiraki$fHiraki, Kazuo$cYuichiro Anzai$fAnzai, Yūichirō, 1946-$p177
=970  21$tOn Multiagent Q-Learning in a Semi-Competitive Domain$cTuomas W. Sandholm$fSandholm, Tuomas W.$cRobert H. Crites$fCrites, Robert H.$p191
=970  21$tUsing Reciprocity to Adapt to Others$cSandip Sen$fSen, Sandip, 1964-$cMahendra Sekaran$fSekaran, Mahendra$p206
=970  21$tMultiagent Coordination with Learning Classifier Systems$cSandip Sen$fSen, Sandip, 1964-$cMahendra Sekaran$fSekaran, Mahendra$p218
=970  01$tSubject Index$p235
=951  \\$107$aCFU01:000598135;$5FOFT
=951  \\$104$aFIU01:000627235;$5FMFIU
=951  \\$110$aSFU01:001083296;$5FTS
=951  \\$108$aUFU01:002082816;$5FU

