=LDR  02747nam a2200469Ia 4500
=001  022752190
=005  20090930103924.0
=008  960429s1996\\\\caua\\\\\b\\\\001\0\eng\d
=020  \\$a0787998680 (pbk.)
=035  \\$a(OCoLC)34644593
=040  \\$aNSB$cNSB$dFUG
=043  \\$an-us---
=090  \\$aLC220.5$b.P76 1996
=090  \\$aLB2328$b.N39 v. 24 no. 1
=090  \\$aLB2328$b.P761 1996
=090  \\$aLB2328$b.N48 no.93
=245  00$aPromoting community renewal through civic literacy and service learning /$cMichael H. Parsons, C. David Lisman, editors.
=260  \\$aSan Francisco :$bJossey-Bass,$cc1996.
=300  \\$a102 p. :$bill. ;$c23 cm.
=440  \0$aJossey-Bass higher and adult education series$5FU$5FOFT
=440  \0$aNew directions for community colleges,$x0194-3081 ;$vno. 93 (Spring 1996)$5FU$5FOFT
=490  0\$aNew directions for community colleges,$x0194-3081 ;$vno. 93, Spring 1996$5FBoU$5FTS$5FJUNF
=490  0\$aJossey-Bass higher and adult education series$5FBoU
=504  \\$aIncludes bibliographical references and index.
=505  0\$aService learning: why community colleges? / Lynn Barnett --Understanding faculty needs: an institutional imperative / Leonard F. O'Hara -- "Love yourself enough" / Marietta McCarty -- Commitment to community: service learning at Miami-Dade Community College / Robert J. Exley -- Incorporating civic literacy into technician education: why? how? / Elizabeth A. Mathias -- The engaged campus / C. David Lisman -- In good company: a ten-year odyssey in pursuit of civic purpose / Nan Ottenritter, Michael H. Parsons -- Community college-community relationships and civic accountability / Rosemary Gillett-Karam -- Integrating service into a multicultural writing curriculum / Robert W. Franco -- Sources and information: Current programming in civic literacy and community services / Janel Ann Soule Henriksen.$5FBoU$5FU$5FOFT$5FTS$5FJUNF
=650  \0$aService learning$zUnited States.
=650  \0$aExperiential learning$zUnited States.
=650  \0$aEducation, Higher$zUnited States$xCurricula.
=650  \0$aCommunity and college$zUnited States.
=650  \0$aStudent volunteers in social service$zUnited States.
=650  \0$aStudent service$zUnited States.
=650  \0$aCommunity colleges$zUnited States.
=650  \0$aEducation, Higher$xCurricula$zUnited States.
=650  \0$aCommunity colleges$xCurricula$zUnited States.
=700  1\$aLisman, C. David.
=700  1\$aParsons, Michael H.
=830  \0$aNew directions for community colleges ;$vno. 93.
=951  \\$107$aCFU01:000590306;$5FOFT
=951  \\$102$aFAU01:000580337;$5FBoU
=951  \\$109$aNFU01:000430977;$5FJUNF
=951  \\$110$aSFU01:001248068;$5FTS
=951  \\$108$aUFU01:002087334;$5FU

