=LDR  02345nam a22004571i 4500
=001  022759325
=005  20111201140028.0
=007  he\bmb020baca
=008  901213r19801979dcua\\\\bb\\\f000\0\eng\d
=020  \\$bpbk.
=035  \\$agp 80005478
=035  \\$a(OCoLC)05716527x
=035  \\$aocl05716527
=040  \\$aGPO$cGPO$dCongressional Information Service
=043  \\$an-us---
=050  \\$aKF49
=074  \\$a1042
=086  0\$aY 4.J 89/2:96-14
=099  \\$aCIS 80 S521-6
=099  \\$aCIS Microfiche: see note in record
=099  \\$aMicrofiche
=110  1\$aUnited States.$bCongress.$bSenate.$bCommittee on the Judiciary.
=245  10$aMartin Luther King, Jr., national holiday, S. 25$hmicroform :$bjoint hearings before the Committee on the Judiciary, United States Senate, and the Committee on Post Office and Civil Service, House of Representatives, Ninety-sixth Congress, first session, on S. 25, March 27 and June 21, 1979.
=260  \\$aWashington :$bU.S. Govt. Print. Off.,$c1979.
=300  \\$aiv, 170 p. :$bill. ;$c24 cm.
=490  1\$aSerial - Senate, Committee on the Judiciary ;$vno. 96-14$5FMFIU$5FOFT$5FTaFA
=490  1\$aSerial - Senate, Committee on the Judiciary ; no. 96-14$5FU
=500  \\$aReuse of record except for individual research requires license from LexisNexis Academic & Library Solutions.$5FTaFA
=500  \\$aCIS Microfiche Accession Numbers: CIS 80 S521-6$5FTaFA
=500  \\$aReuse of record except for individual research requires license from Congressional Information Service, Inc.$5FMFIU$5FOFT
=504  \\$aIncludes bibliographical references.
=533  \\$aMicrofiche.$b[Bethesda, Md.] :$cCongressional Information Service,$d1980.$e11 X 15 cm.$5FMFIU$5FOFT
=533  \\$aMicrofiche.$b[Bethesda, Md.] :$cLexisNexis Academic & Library Solutions,$d1980.$e11 X 15 cm.$5FTaFA
=600  10$aKing, Martin Luther,$cJr.,$d1929-1968$xAnniversaries, etc.
=650  \0$aHolidays$xLaw and legislation$zUnited States.
=710  1\$aUnited States.$bCongress.$bHouse.$bCommittee on Post Office and Civil Service.
=810  1\$aUnited States.$bCongress.$bSenate.$bCommittee on the Judiciary.$tSerial, 96th Congress ;$vno. 96-14.
=951  \\$101$aAMU01:000732047;$5FTaFA
=951  \\$107$aCFU01:000655427;$5FOFT
=951  \\$104$aFIU01:000569847;$5FMFIU
=951  \\$108$aUFU01:001212686;$5FU

