=LDR  01479pam a22003614a 4500
=001  022767889
=005  20090619143653.0
=008  031027s2004\\\\ne\\\\\\\b\\\\001\0\eng\\
=010  \\$a  2003065433
=020  \\$a9004137491 (alk. paper)
=035  \\$a(OCoLC)53375262
=035  8\$a(NhCcYBP)99809189100
=040  \\$aDLC$cDLC$dYDX$dFDA
=042  \\$apcc
=050  00$aDS121.W453$bW45 2004
=082  00$a222/.106$222
=090  \\$aBS410$b.V452 v. 100
=100  1\$aWeinfeld, Moshe.
=245  14$aThe place of the law in the religion of ancient Israel /$cby Moshe Weinfeld.
=260  \\$aLeiden ;$aBoston :$bBrill,$c2004.
=300  \\$axiii, 157 p. ;$c25 cm.
=490  0\$aSupplements to Vetus Testamentum,$x0083-5889 ;$vv. 100.$5FTaSU
=490  1\$aSupplements to Vetus Testamentum,$x0083-5889 ;$vv. 100.$aFormation and interpretation of Old Testament literature ;$v4$5FU
=504  \\$aIncludes bibliographical references (p. [125]-137) and indexes.
=600  10$aWellhausen, Julius,$d1844-1918.$tProlegomena zur Geschichte Israels.
=630  00$aBible.$pO.T.$xCriticism, interpretation, etc.
=650  \0$aJews$xHistory$yTo 70 A.D.
=650  \0$aJudaism$xHistory$yTo 70 A.D.
=650  \0$aP document (Biblical criticism)
=830  \0$aSupplements to Vetus Testamentum ;$vv. 100.
=830  \0$aSupplements to Vetus Testamentum.$pFormation and interpretation of Old Testament literature ;$v4.
=951  \\$105$aFSU01:002091476;$5FTaSU
=951  \\$108$aUFU01:003122360;$5FU

