=LDR  01010nam a2200301I  4500
=001  022778783
=005  20120623024000.0
=008  750818\1930\\\\\\\\\\\\\\\\\\\\\|\\eng\u
=010  \\$a   31026542 
=035  \9$a(OCoLC)01558052
=040  \\$cDZM$dFCM
=050  0\$aGV1471$b.S57
=082  0\$a016.796
=100  1\$aSilk, Agnes K.,$ecomp.
=245  10$aIndex to parties,$ccomplied by Agnes K. Silk and Clara E. Fanning ...
=260  \\$aBoston,$bF. W. Faxon company,$c1930.
=300  \\$avi, 121 p.$c22 cm.
=490  0\$aUseful reference series, no. 42.$5FTaFA
=490  1\$aUseful reference series,$vno. 42$5FTaSU
=504  \\$aBibliography: p. 120-121.
=650  \0$aEntertaining.
=650  \0$aGames.
=700  1\$aFanning, Clara Elizabeth,$d1878-1968,$ejoint comp.
=700  1\$aFanning, C. E.$q(Clara Elizabeth),$d1878-1938.
=740  0\$aParties, Index to.
=830  \0$aUseful reference series (Westwood, Mass.),$vno. 42.
=951  \\$101$aAMU01:000093980;$5FTaFA
=951  \\$105$aFSU01:000227605;$5FTaSU

