=LDR  00714nam a22002414a 4500
=001  022791931
=005  20110317082904.0
=008  091106s2009\\\\ck\\\\\\\\\\\\000\p\spa\d
=020  \\$a9789584517302
=020  \\$a9584517309
=035  \\$a(OCoLC)463661996
=040  \\$aHLS$cHLS
=050  \4$aPQ8180.1.F364$bA64 2009
=100  1\$aAfanador, Luis Fernando.
=245  10$aAmor en la tarde /$cLuis Fernando Afanador.
=250  \\$a1. ed.
=260  \\$aBogotá :$bGrupo Editorial Norma,$c2009.
=300  \\$a125 p. ;$c22 cm.
=490  1\$aLa otra orilla$5FMFIU
=490  1\$aPoesía$5FMFIU
=830  \0$aColección La otra orilla.
=830  \0$aColección Poesía (Grupo Editorial Norma)
=951  \\$104$aFIU01:001607456;$5FMFIU

