=LDR  01206nam a22003738a 4500
=001  022802663
=005  20120623063200.0
=008  900719s1990\\\\maua\\\\\b\\\\001|0\eng\\
=010  \\$a   90001128 
=015  \\$aGB90-42778
=019  \\$a22309650
=020  \\$a089006444X
=035  \\$a(OCoLC)22242510
=040  \\$aDLC$cDLC
=050  00$aTK6553$b.S2858 1990
=080  \\$a007
=082  00$a621.384/15$220
=100  1\$aSchanker, Jacob Z.
=245  10$aMeteor burst communications /$cJacob Z. Schanker.
=260  \\$aBoston :$bArtech House,$cc1990.
=300  \\$axii, 169 p. :$bill. ;$c25 cm.
=440  \0$aArtech House telecommunications library$5FTaSU$5FTS
=490  0\$aArtech House telecommunication library$5FBoU
=490  1\$aArtech House telecommunications library$5FTaFA$5FMFIU
=504  \\$aIncludes bibliographical references and index.
=650  \0$aMeteor trails.
=650  \0$aShortwave radio.
=830  \0$aArtech House telecom library
=951  \\$101$aAMU01:000303872;$5FTaFA
=951  \\$102$aFAU01:000393235;$5FBoU
=951  \\$104$aFIU01:000405847;$5FMFIU
=951  \\$105$aFSU01:001110331;$5FTaSU
=951  \\$110$aSFU01:000809836;$5FTS
=951  \\$108$aUFU01:001568384;$5FU

