=LDR  01021nam a22002898a 4500
=001  022816625
=005  20120623013800.0
=008  960124s1996\\\\enkh\\\\\b\\\\000|0\eng\\
=010  \\$a   96002525 
=020  \\$a0133553973
=035  \\$a(OCoLC)34117490
=040  \\$aDLC$cDLC$dFHM
=050  00$aPR2750$b.B24 1996
=082  00$a822.3/3$220
=100  1\$aShakespeare, William,$d1564-1616.
=245  10$aMeasure for measure /$cby William Shakespeare ; edited by Grace Ioppolo.
=260  \\$aNew York :$bPrentice Hall/Harvester Wheatsheaf,$c1996.
=300  \\$a[vi], 125 p. :$bill., folio facsimiles ;$c20 cm.
=490  0\$aShakespearean originals--first editions$5FBoU
=490  1\$aShakespearean originals$5FTS$5FMFIU
=504  \\$aIncludes bibliographical references (p. 23-24).
=655  \7$aComedies.$2gsafd
=700  1\$aIoppolo, Grace,$d1956-
=830  \0$aShakespearean originals--first editions.
=951  \\$102$aFAU01:000626609;$5FBoU
=951  \\$104$aFIU01:000638646;$5FMFIU
=951  \\$110$aSFU01:001083899;$5FTS

