=LDR  00956nam a2200229Ii 4500
=001  022830961
=005  20120622234700.0
=008  790630s1977\\\\dr\\\\\\\b\\\f000|0\spa\d
=035  \\$a(OCoLC)05124048
=040  \\$afug$cFUG
=090  \\$aHX526$b.V37 1977
=100  1\$aVasconi, Tomás Amadeo.
=245  10$aContra la escuela :$bborradores para una crítica marxista de la educación /$cT. A. Vasconi.
=260  \\$aSanto Domingo, R. D. :$bDepartamento de Publicaciones, Universidad Autónoma de Santo Domingo,$c1977.
=300  \\$a40 p. ;$c22 cm.
=490  1\$aColección UASD crítica ; no. 17$5FU
=490  1\$aPublicaciones de la UASD ; v. 233$5FU
=504  \\$aIncludes bibliographical references.
=650  \0$aCommunism and education.
=830  \0$aPublicaciones de la Universidad Autónoma de Santo Domingo,$vv. 233
=830  \0$aPublicaciones de la Universidad Autonoma de Santo Domingo.$pColeccion UASD critica ;$vno. 17
=951  \\$108$aUFU01:000082056;$5FU

