=LDR  01401cam a2200385 i 4500
=001  022843679
=005  20070710140927.0
=008  781129m19789999sp\\\\\\\\\\\\001\0\cat\\
=010  \\$a78378027
=015  \\$aSp***
=020  \\$a8472561453 (v. 1) :$c{dollar}14.07
=020  \\$a9788472561458 (v. 1)
=020  \\$a8472561453 (v. 1)
=035  \\$a(OCoLC)04488097
=040  \\$aDLC$cDLC$dOCL$dOCLCQ$dFUG
=043  \\$ae-sp---
=050  00$aDP269.8.R3$bP57 1978
=082  00$a329/.21/0924$aB
=100  1\$aPi Sunyer, Carles,$d1888-1971.
=245  10$aMemòries de l'exili /$cde Carles Pi Sunyer ; edició a cura de Núria Pi-Sunyer de Carrasco.
=260  \\$aBarcelona :$bCurial,$c1978-
=300  \\$a2 v. ;$c18 cm.
=490  0\$aLa Mata de jonc ;$v10-11$5FU
=490  0\$aLa Mata de jonc ; 10-11$5FTaSU
=500  \\$aIncludes index.$5FU$5FTaSU
=505  0\$av. 1. El Consell Nacional de Catalunya, 1940-1945.--El govern de la Generalitat, París 1945-48.$5FU$5FTaSU
=600  10$aPi Sunyer, Carles,$d1888-1971.
=610  20$aConsell Nacional Català.
=650  \0$aPolitical refugees$zSpain$zCatalonia$vBiography.
=650  \0$aCatalans$zForeign countries.
=651  \0$aSpain$xHistory$yCivil War, 1936-1939$xRefugees.
=651  \0$aCatalonia (Government-in-exile, 1939- )
=700  1\$aPi-Sunyer de Carrasco, Núria.
=951  \\$105$aFSU01:000383314;$5FTaSU
=951  \\$108$aUFU01:003833563;$5FU

