=LDR  01246cam a2200349I  4500
=001  022851240
=005  20100129140638.0
=008  741101s1946\\\\enkbf\\\\b\\\f000\0\eng\\
=010  \\$a   46007768 
=016  7\$aCAT11000109$2DNAL
=035  \\$a(OCoLC)01064774
=040  \\$aDLC$cDLM$dSER
=043  \\$af------$aaw-----
=050  0\$aS471.A35$bK4
=070  0\$a281.185$bK25
=072  \0$aE100
=082  \\$a630.956
=092  \\$a630.956$bKeen
=100  1\$aKeen, Bernard Augustus,$cSir,$d1890-1981.
=245  14$aThe agricultural development of the Middle East,$cby B.A. Keen ...
=260  \\$aLondon,$bH.M. Stationery Off.,$c1946.
=300  \\$axii, 126 p.$bplates, 2 fold. maps.$c25 cm.
=490  0\$aMiddle East Supply Centre. Report to the director general.$v[No. 1]$5FU$5FTaSU
=490  0\$aMiddle East Supply Centre. Report to the director general. [No. 1]$5FJUNF
=504  \\$a"References to Appendix I": p. 119-120.
=650  \0$aAgriculture$zMiddle East.
=650  \0$aAgriculture$zAfrica.
=650  \0$aAgriculture$zLevant.
=830  \0$aReport to the director general (Middle East Supply Centre) ;$vno. 1.
=951  \\$105$aFSU01:000734287;$5FTaSU
=951  \\$109$aNFU01:000110429;$5FJUNF
=951  \\$108$aUFU01:000676077;$5FU

