=LDR  02175cam a2200433Ia 4500
=001  022857738
=005  20100929063019.0
=006  m\\\\\\\\d\\\\\\\\
=007  cr\|||
=008  090911s2009\\\\gw\a\\\\ob\\\\101\0\eng\d
=020  \\$a9783642022470
=020  \\$a3642022472
=020  \\$z9783642022463 (pbk.)
=020  \\$z3642022464 (pbk.)
=035  \\$a(OCoLC)436301407
=040  \\$aCUS$cCUS$dC{dollar}Q
=050  \4$aQA76.9.H85
=050  \4$aQA76.9.H85$bU45 2009
=072  \7$aQA$2lcco
=111  2\$aUMAP (Conference)$n(1st :$d2009 :$cTrento, Italy)
=245  10$aUser modeling, adaptation, and personalization$h[electronic resource] :$b17th international conference, UMAP 2009, formerly UM and AH, Trento, Italy, June 22-26, 2009 : proceedings /$cGeert-Jan Houben ... [et al.] (eds.).
=246  30$aUMAP 2009
=260  \\$aBerlin ;$aNew York :$bSpringer,$cc2009.
=300  \\$a1 online resource (xvii, 488 p.) :$bill.
=490  1\$aLecture notes in computer science ;$v5535$5FMFIU$5FOFT
=490  1\$aLNCS sublibrary. SL 3, Information systems and applications, incl. internet/web, and HCI$5FMFIU$5FOFT
=500  \\$aTitle from PDF t.p. (SpringerLink, viewed Sept. 11, 2009).$5FMFIU$5FOFT
=504  \\$aIncludes bibliographical references and index.
=650  \0$aUser interfaces (Computer systems)$vCongresses.
=650  \0$aHuman-computer interaction$vCongresses.
=655  \0$aElectronic books.
=700  1\$aHouben, Geert-Jan.
=776  08$iPrint version:$aUMAP 2009 (2009 : Trento, Italy).$tUser modeling, adaptation, and personalization.$dBerlin : Springer, 2009$z9783642022463$w(DLC) 2009928433$w(OCoLC)406143192
=830  \0$aLecture notes in computer science ;$v5535.
=830  \0$aLNCS sublibrary.$nSL 3$pInformation systems and applications, incl. Internet/Web, and HCI.
=856  40$uhttp://ezproxy.fiu.edu/login?url=http://dx.doi.org/10.1007/978-3-642-02247-0$5FMFIU$yFIU users: view content here
=856  40$yUCF: Click here for ONLINE ACCESS$uhttps://login.ezproxy.net.ucf.edu/login?url=http://dx.doi.org/10.1007/978-3-642-02247-0$xxnoindex$5FOFT$zSpringerLink
=951  \\$107$aCFU01:001870929;$5FOFT
=951  \\$104$aFIU01:001609550;$5FMFIU

