=LDR  03826cam a2200505Ia 4500
=001  022862629
=005  20100929063254.0
=006  m\\\\\\\\d\\\\\\\\
=007  cr\|||
=008  100701s2010\\\\gw\a\\\\ob\\\\101\0\eng\d
=020  \\$a9783642133381
=020  \\$a364213338X
=020  \\$z9783642133374 (pbk.)
=020  \\$z3642133371 (pbk.)
=035  \\$a(OCoLC)645473368
=040  \\$aCUS$cCUS$dGZM
=050  \4$aQA76.76.I58
=072  \7$aQA$2lcco
=090  \\$aQA76.76.I58$bL33 2009
=111  2\$aLADS 2009$d(2009 :$cTurin, Italy)
=245  10$aLanguages, methodologies, and development tools for multi-agent systems$h[electronic resource] :$bsecond international workshop, LADS 2009, Torino, Italy, September 7-9, 2009 : revised selected papers /$cMehdi Dastani ... [et al.] (eds.).
=246  30$aLADS 2009
=260  \\$aBerlin ;$aNew York :$bSpringer,$cc2010.
=300  \\$a1 online resource (x, 182 p.) :$bill.
=490  1\$aLecture notes in computer science,$x0302-9743 ;$v6039.$aLecture notes in artificial intelligence$5FMFIU$5FOFT
=490  1\$aLNCS sublibrary. SL 7, Artificial intelligence$5FMFIU$5FOFT
=504  \\$aIncludes bibliographical references and index.
=505  0\$aAgent architectures. The ARTS real-time agent architecture / Konstantin Vikhorev, Natasha Alechina, and Brian Logan -- Reducing agent plans to workflows / Tayfun Gökmen Halaç, Övünç Çetin, Erdem Eser Ekinci, Rıza Cenk Erdur, and Oğuz Dikenelli -- Agent programming languages and methodologies. Externalisation and internalization : a new perspective on agent modularisation in multi-agent system programming / Alessandro Ricci, Michele Piunti, and Mirko Viroli -- Temporal planning in dynamic environments for P-CLAIM agents / Muhammad Adnan Hashmi and Amal El Fallah Seghrouchni -- Data driven language for agents secure interaction / Mahdi Zargayouna, Flavien Balbo, and Serge Haddad -- Programming social middleware through social interaction types / Juan Manuel Serrano and Sergio Saugar -- Social interaction models. Detecting exceptions in commitment protocols : discovering hidden states / Ozgür Kafali and Pınar Yolum -- Verifiable semantic model for agent interactions using social commitments / Mohamed El-Menshawy, Jamal Bentahar, and Rachida Dssouli -- Development tools for multi-agent systems. Call graph profiling for multi agent systems / Dinh Doan Van Bien, David Lillis, and Rem W. Collier -- Applications. A methodology for developing self-explaining agents for virtual training / Maaike Harbers, Karel van den Bosch, and John-Jules Meyer.$5FMFIU$5FOFT
=588  \\$aDescription based on print version record.
=650  \0$aComputer programming$vCongresses.
=650  \0$aReal-time programming.
=650  \0$aMultiagent systems$vCongresses.
=650  \0$aProgramming languages (Electronic computers)$vCongresses.
=650  \0$aComputer software$xDevelopment$vCongresses.
=650  \0$aIntelligent agents (Computer software)$vCongresses.
=655  \0$aElectronic books.
=700  1\$aDastani, Mehdi.
=776  08$iPrint version:$tLanguages, methodologies, and development tools for multi-agent systems.$dBerlin : Springer, 2010$z9783642133374$w(DLC) 2010927155$w(OCoLC)642809656
=830  \0$aLecture notes in computer science ;$v6039.$x0302-9743
=830  \0$aLecture notes in computer science.$pLecture notes in artificial intelligence.
=830  \0$aLNCS sublibrary.$nSL 7$pArtificial intelligence.
=856  40$uhttp://ezproxy.fiu.edu/login?url=http://dx.doi.org/10.1007/978-3-642-13338-1$5FMFIU$yFIU users: view content here
=856  40$yUCF: Click here for ONLINE ACCESS$uhttps://login.ezproxy.net.ucf.edu/login?url=http://dx.doi.org/10.1007/978-3-642-13338-1$xxnoindex$5FOFT$zSpringerLink
=951  \\$107$aCFU01:001930211;$5FOFT
=951  \\$104$aFIU01:001609702;$5FMFIU

