=LDR  01902nam a2200505 a 4500
=001  022871809
=005  20060926120333.0
=008  810114s1980\\\\dcuab\\\\b\\\f000|0\eng\d
=010  \\$a   80603834 
=020  \\$c{dollar}6.00
=035  \\$a(OCoLC)07061654
=037  \\$a001-000-04137-1
=040  \\$aDLC$cDLC$dFTU
=043  \\$an-us---
=050  0\$aS21$b.A37 no. 335$aSF523
=074  \\$a3
=082  0\$a630 s$a638/.1$219
=086  0\$aA 1.76:335/980
=099  \\$aA 1.76:335/980
=099  \\$aA1.76:$a335/980
=099  \\$aA1.76:$a335/$a1980
=245  00$aBeekeeping in the United States /$cprepared by Science and Education Administration.
=250  \\$aRev. Oct. 1980.
=260  \\$a[Washington, D.C.] :$bU.S. Dept. of Agriculture :$c1980.
=300  \\$aiii, 193 p. :$bill. ;$c26 cm.
=440  \0$aAgriculture handbook (United States. Dept. of Agriculture) ;$vno. 335$5FTS$5FBoU$5FTaFA$5FMFIU
=490  0\$aUnited States. Dept. of Agriculture. Agriculture handbook ;$vno. 335$5FTaSU
=490  1\$aAgriculture handbook ;$vno. 335$5FU
=490  1\$aAgriculture handbook / United States Dept. of Agriculture ;$vno. 335$5FJUNF$5FOFT
=500  \\$aMONTHLY CATALOG NUMBER: gp 81001102$5FTS$5FBoU$5FTaFA$5FMFIU
=504  \\$aIncludes bibliographical references.
=650  \0$aBee culture$zUnited States.
=650  \0$aBees$zUnited States.
=650  \0$aBee culture.
=710  1\$aUnited States.$bScience and Education Administration.
=830  \0$aAgriculture handbook (United States. Department of Agriculture) ;$vno. 335
=098  98$aA1.76:335/980
=951  \\$101$aAMU01:000243538;$5FTaFA
=951  \\$107$aCFU01:000255463;$5FOFT
=951  \\$102$aFAU01:000269118;$5FBoU
=951  \\$104$aFIU01:000285255;$5FMFIU
=951  \\$105$aFSU01:000746267;$5FTaSU
=951  \\$109$aNFU01:000199268;$5FJUNF
=951  \\$110$aSFU01:000592014;$5FTS
=951  \\$108$aUFU01:002097356;$5FU

