=LDR  02068cam a22005295  4500
=001  022883753
=005  20120502105641.0
=008  750201s1974\\\\cau\\\\\\b\\\\101\0\engm\
=010  \\$a   74006738 //r82
=019  \\$a1224066
=020  \\$a087589240X
=035  \\$a(OCoLC)01151893
=040  \\$aDLC$cDLC$dm.c.$dFNP
=043  \\$an-us---
=050  0\$aLC5251$b.N24 1974
=060  00$aLC 5251$bN277L 1974
=082  0\$a378/.01
=090  \\$aLB2301$b.N427 1974
=090  \\$aLB2301$b.C8 1974
=090  \\$aLB2300$b.C8
=111  2\$aNational Conference on Higher Education$n(29th :$d1974 :$cChicago)
=245  10$aLifelong learners :$ba new clientele for higher education /$cDyckman W. Vermilye, editor.
=250  \\$a1st ed.
=260  \\$aSan Francisco :$bJossey-Bass,$c1974.
=300  \\$axix, 177 p. ;$c24 cm.
=440  \0$aJossey-Bass series in higher education$5FTaSU
=440  \0$aCurrent issues in higher education,$v1974$5FOFT$5FBoU$5FU$5FTS$5FFmFGC
=440  \4$aThe Jossey-Bass series in higher education$5FOFT$5FU$5FTS
=490  0\$aThe Jossey-Bass series in higher education$5FBoU$5FFmFGC$5FJUNF
=490  1\$aCurrent issues in higher education;$v1974$5FJUNF$5FTaSU
=500  \\$a"A publication of the American Association for Higher Education."$5FOFT$5FBoU$5FU$5FTS$5FFmFGC$5FJUNF$5FTaSU
=504  \\$aIncludes bibliographical references and index.
=650  \0$aAdult education$zUnited States.
=650  \0$aEducation, Higher$zUnited States.
=650  \2$aEducation, Continuing$vcongresses.
=700  1\$aVermilye, Dyckman W.,$eed.
=700  1\$aVermilye, Dyckman W.
=710  2\$aAmerican Association for Higher Education.
=830  \0$aCurrent issues in higher education;$v1974
=830  \0$aJossey-Bass series in higher education.
=951  \\$107$aCFU01:000102968;$5FOFT
=951  \\$102$aFAU01:000135998;$5FBoU
=951  \\$105$aFSU01:000826432;$5FTaSU
=951  \\$103$aGCU01:000189481;$5FFmFGC
=951  \\$109$aNFU01:000232253;$5FJUNF
=951  \\$110$aSFU01:000203649;$5FTS
=951  \\$108$aUFU01:000107192;$5FU

