=LDR  01017cam a2200277Ka 4500
=001  022894793
=005  20090702140113.0
=008  081009s1959\\\\ilu\\\\\\\\\\\000\0\eng\d
=035  \\$a(OCoLC)261345607
=040  \\$aANLSR$cANLSR$dFUG
=086  0\$aY 3.At 7:22/ANL-6040
=100  1\$aChichester, Richard.,$cJr.
=245  10$aBasis and dimension in abstract module theory /$cby Richard Chichester, Jr.
=260  \\$aLemont, Ill. :$bArgonne National Laboratory,$c1959.
=300  \\$a18 p. ;$c28 cm.
=490  1\$aANL / Argonne National Laboratory ;$v6040$5FU
=490  1\$aAEC Research and Development Report$5FU
=500  \\$a"August 1959"$5FU
=536  \\$aOperated by the University of Chicago under$bContract no. W-31-109-eng-38.
=650  \0$aFinite fields (Algebra).
=650  \0$aModuli theory.
=710  2\$aArgonne National Laboratory.$tANL
=710  2\$aU.S. Atomic Energy Comission.$tANL
=830  \0$aANL (Series) ;$v6040.
=830  \0$aAEC research and development report.
=951  \\$108$aUFU01:004690632;$5FU

