=LDR  01778nam a2200421I  4500
=001  022906645
=005  20120207145032.0
=008  750328s1955\\\\flu\\\\\\b\\\\000|0\eng\u
=010  \\$aa  56009071 
=035  \\$a(OCoLC)01243508
=040  \\$cORL$dFTU
=043  \\$an-us-fl
=050  0\$aJA37$b.F57 no. 14
=050  0\$aJK4401$b.A36 no. 14
=090  \\$aJK4401$b.A4 no.14
=092  \\$a353.9759$bF6361s no.14
=092  \\$aR 015$bL
=100  1\$aLarsen, William Frederick.
=245  10$aBibliography of Florida government.
=260  \\$aGainesville,$bDept. of Reference and Bibliography, University of Florida Libraries,$c1955.
=300  \\$a70 p. ;$c23 cm.
=490  0\$aStudies in public administration, no. 14$5FTaSU
=490  1\$aBibliographic series, no. 3$5FOFT
=490  1\$aPublic Administration Clearing Service. Studies in public administration, no. 14$5FOFT
=490  1\$aStudies in public administration ;$vno. 14$5FTS
=490  1\$aBibliographic series ;$vno. 3$5FTS
=500  \\$aUniversity of Florida Libraries. Bibliographic series, no. 3.$5FTaSU
=500  \\$aAnalytic.$5FTaSU
=651  \0$aFlorida$xPolitics and government$vBibliography.
=700  1\$aLarsen, William F.$q(William Frederick)
=810  2\$a[University of Florida.$bPublic Administration Clearing Service.$tStudies in public administration,$vno. 14.
=830  \0$aBibliographic series (Gainesville, Fla.) ;$vno. 3.
=830  \0$aStudies in public administration (Gainesville, Fla.) ;$vno. 14.
=830  \0$aStudies in public administration (University of Florida. Public Administration Clearing Service) ;$vno. 14.
=951  \\$107$aCFU01:000103737;$5FOFT
=951  \\$105$aFSU01:000199069;$5FTaSU
=951  \\$110$aSFU01:000664806;$5FTS
=951  \\$108$aUFU01:000719990;$5FU

