=LDR  02750nam a22004211a 4500
=001  022919232
=005  20100522110023.0
=006  m\\\\\\\\d\f\\\\\\
=007  cr\bn\mmmapmmp
=008  090922s1976\\\\dcu\\\\\s\\\\f000\0\eng\d
=040  \\$aLexisNexis$cLexisNexis
=043  \\$an-us---
=086  0\$aY 4.In 8/16:H 62/v.3
=099  \\$aHRG-1948-HIR-0001
=099  \\$aHRG-1949-HIR-0002
=110  1\$aUnited States.$bCongress.$bHouse.$bCommittee on Foreign Affairs.
=245  10$aForeign economic assistance programs$h[electronic resource].
=260  \\$aWashington :$bU.S. Govt. Print. Off.,$c1976.
=300  \\$a2 v. ;$c24 cm.
=490  1\$aHistorical series$5FTS
=490  1\$aSelected executive session hearings of the committee ;$vv. 3-4, 1943-50$5FTS
=500  \\$aRecord is based on bibliographic data in LexisNexis Congressional Hearings Digital Collection. Reuse except for individual research requires license from LexisNexis Academic & Library Solutions.$5FTS
=505  0\$apt. 1. Foreign Assistance Act of 1948.--pt. 2. Extension of the European recovery program.$5FTS
=533  \\$aElectronic reproduction.$b[Bethesda, Md.] :$cLexisNexis Academic & Library Solutions,$d2004.$edigital, PDF file.$nLexisNexis U.S. Congressional Hearings Digital Collection.$nMode of access: World Wide Web via LexisNexis website.$5FTS
=538  \\$aSystem requirements: PDF reader software.$5FTS
=650  \0$aEconomic assistance, American.
=651  \0$aUnited States$xForeign relations$xLaw and legislation.
=710  1\$aUnited States.$bCongress.$bHouse.$bCommittee on International Relations.
=710  1\$aUnited States.$tForeign Assistance Act of 1948.$f1976.
=730  0\$aLexisNexis U.S. Congressional Hearings Digital Collection.
=776  08$iMicrofiche version:$aUnited States. Congress. House. Committee on Foreign Affairs$tForeign economic assistance programs.$d[Bethesda, Md.] : LexisNexis Academic & Library Solutions,[2004]$oCIS 76 H461-82 (pt.1)$oCIS 76 H461-83 (pt.2)$w(LexisNexis)cis07601128
=776  08$iPrint version:$aUnited States. Congress. House. Committee on Foreign Affairs$tForeign economic assistance programs$w(DLC)77600729 //r933
=810  1\$aUnited States.$bCongress.$bHouse.$bCommittee on Foreign Affairs.$tSelected executive session hearings of the committee ;$vv. 3-4.
=830  \0$aHistorical series (United States. Congress. House. Committee on Foreign Affairs)
=856  40$uhttp://congressional.proquest.com/congcomp/getdoc?HEARING-ID=HRG-1948-HIR-0001$5FTS
=856  40$uhttp://congressional.proquest.com/congcomp/getdoc?HEARING-ID=HRG-1949-HIR-0002$5FTS
=949  \\$aFTS$bSFERS$cBOOK$xPROCESSED 20100418 LexisNexis$b(ONLINE:LexisNexis)$h(ONLINE:LexisNexis)
=951  \\$110$aSFU01:002112486;$5FTS

