=LDR  01154nam a2200313I  4500
=001  022928260
=005  20110310091521.0
=008  770416s1948\\\\enk\\\\\\\\\\\000|0\eng\\
=010  \\$a   48019896 
=019  \\$a2892721
=035  \\$a(OCoLC)06114985
=040  \\$aDLC$cVJA
=050  \\$aHV245$b.M47 1948
=090  \\$aHV245$b.M47
=092  \\$a361.7$bM583v
=099  \\$a361.7$aM583v
=100  1\$aMess, Henry Adolphus,$d1884-1944.
=245  10$aVoluntary social services since 1918;$ced. by Gertrude Williams.
=260  \\$aLondon,$bK. Paul, Trench, Trubner$c[1948]
=300  \\$aix, 255 p.$c23 cm.
=490  0\$aInternational library of socialogy and social reconstruction. London$5FTaFA$5FTaSU
=490  1\$aInternational library of sociology and social reconstruction. London$5FU
=650  \0$aCharities$zGreat Britain.
=700  1\$aWilliams, Gertrude (Rosenblum)$d1897-$eed.
=700  1\$aWilliams, Gertrude,$db. 1897,$eed.
=830  \0$aInternational library of sociology and social reconstruction (Routledge & Kegan Paul)
=951  \\$101$aAMU01:000162184;$5FTaFA
=951  \\$105$aFSU01:000660993;$5FTaSU
=951  \\$108$aUFU01:001572187;$5FU

