=LDR  01319pam a2200337 i 4500
=001  022938948
=005  20101221144147.0
=008  751201s1976\\\\mauaf\\\\b\\\\001\0beng\\
=010  \\$a   75042198 
=020  \\$a0805790004 :$c{dollar}9.95
=035  \9$a(OCoLC)01975148
=040  \\$aDLC$cDLC$dFDA
=050  0\$aPT8902.Z5$bD7
=082  0\$a839.8/2/16$aB
=100  1\$aDraxten, Nina.
=245  10$aKristofer Janson in America /$cby Nina Draxten.
=260  \\$aBoston :$bPublished for the Norwegian-American Historical Association by Twayne Publishers,$c1976.
=300  \\$axiii, 401 p., [4] leaves of plates :$bill. ;$c24 cm.
=490  1\$aAuthors series ;$vv. 3$5FJUNF$5FTaSU
=490  1\$aAuthors series ; v. 3$5FTaFA
=500  \\$aIncludes index.$5FTaFA$5FJUNF$5FTaSU
=504  \\$aBibliography: p. 387-394.
=600  10$aJanson, Kristofer Nagel,$d1841-1917$xBiography.
=600  10$aJanson, Kristofer,$d1841-1917.
=600  10$aJanson, Kristofer,$d1841-1917$vBiography.
=650  \0$aAuthors, Norwegian$y19th century$xBiography.
=810  2\$aNorwegian-American Historical Association.$tAuthors series ;$vv. 3.
=830  \0$aAuthors series (Norwegian-American Historical Association) ;$vv. 3.
=951  \\$101$aAMU01:000099026;$5FTaFA
=951  \\$105$aFSU01:000258123;$5FTaSU
=951  \\$109$aNFU01:000135994;$5FJUNF

