=LDR  01370cam a2200349Ii 4500
=001  022949444
=005  20120623050600.0
=008  770926s1976\\\\is\\\\\\\\\\\\000|0\eng\d
=035  \\$a(OCoLC)03294952
=040  \\$aSMI$cSMI$dFDA
=090  \\$aQL537.A85$bT38
=090  \\$aQL534.5.A8$bT5
=100  1\$aTheodor, Oskar.
=245  10$aOn the structure of the spermathecae and aedeagus in the Asilidae and their importance in the systematics of the family.
=260  \\$aJerusalem :$bThe Israel Academy of Sciences and Humanities,$c1976.
=300  \\$a175 p. :$bill. ;$c28 cm.
=410  20$aAḳademyah ha-leʾumit ha-Yiśreʾelit le-madaʻim.$tPublications.$5FOFT
=490  0\$aPublications of the Israel Academy of Sciences and Humanities. Section of sciences.$5FU$5FTaSU
=490  0\$aIsrael Academy of Sciences and Humanities. Publications$5FBoU
=500  \\$aAdded title page in Hebrew.$5FU$5FTaSU
=500  \\$aOn spine: On the genitalia of Asilidae.$5FU$5FTaSU
=500  \\$aAsilidae.$5FBoU
=504  \\$aBibliography: p. 175.
=650  \0$aInsects$xGenerative organs.
=650  \0$aRobber flies.
=650  \0$aGenerative organs$xInsects.
=650  \4$aAsilidae.
=690  \\$aRobber flies.$5FTaSU
=951  \\$107$aCFU01:000148403;$5FOFT
=951  \\$102$aFAU01:000191196;$5FBoU
=951  \\$105$aFSU01:000334006;$5FTaSU
=951  \\$108$aUFU01:002089886;$5FU

