=LDR  01960cam a2200433 a 4500
=001  022959298
=005  20081121134752.0
=008  000525s2000\\\\vauab\\\\b\\\f000|0\eng\c
=035  \\$a(OCoLC)44122036
=035  \\$a(MARCIVE)tmp97233051
=040  \\$aGIS$cGIS$dDNU$dGPO
=042  \\$apcc
=043  \\$an-us-wy
=074  \\$a0621-L
=086  0\$aI 19.127:035-00
=245  00$aPesticides in ground water :$bFremont County, Wyoming, 1998-99 /$cin cooperation with the Wyoming Department of Agriculture (WDA), the Wyoming Department of Environmental Quality (WDEQ), and the Fremont County Weed and Pest District.
=260  \\$a[Reston, Va.? :$bU.S. Dept. of the Interior, U.S. Geological Survey,$c2000]
=300  \\$a[4] p.$bcol. ill., col. maps ;$c28 cm.
=490  1\$aUSGS fact sheet ;$v035-00$5FU$5FBoU$5FFmFGC$5FTS$5FOFT$5FMFIU
=490  1\$aUSGS fact sheet ;$vFS-035-00$5FTaSU
=500  \\$a"March 2000"--P. [1].$5FU$5FBoU$5FFmFGC$5FTS$5FTaSU$5FOFT$5FMFIU
=500  \\$aShipping list no.: 2000-0223-P.$5FU$5FBoU$5FFmFGC$5FTS$5FTaSU$5FOFT$5FMFIU
=500  \\$aCaption title.$5FU$5FBoU$5FFmFGC$5FTS$5FTaSU$5FOFT$5FMFIU
=504  \\$aIncludes bibliographical references (p. [4]).
=650  \0$aGroundwater$xPollution$zWyoming$zFremont County.
=650  \0$aGroundwater$zWyoming$zFremont County$xQuality.
=650  \0$aPesticides$xEnvironmental aspects$zWyoming$zFremont County.
=710  1\$aWyoming.$bDepartment of Agriculture.
=710  1\$aWyoming.$bDepartment of Environmental Quality.
=710  2\$aFremont County Weed and Pest District (Wyo.)
=710  2\$aGeological Survey (U.S.)
=830  \0$aFact sheet (Geological Survey (U.S.)) ;$vFS-00-035.
=951  \\$107$aCFU01:000863439;$5FOFT
=951  \\$102$aFAU01:000761309;$5FBoU
=951  \\$104$aFIU01:000897615;$5FMFIU
=951  \\$105$aFSU01:001814029;$5FTaSU
=951  \\$103$aGCU01:000243920;$5FFmFGC
=951  \\$110$aSFU01:001252266;$5FTS
=951  \\$108$aUFU01:002572812;$5FU

