=LDR  01013cam a2200277Ia 4500
=001  022973776
=005  20120622235200.0
=008  890320s1987\\\\sp\\\\\\\b\\\\000|0\cat\d
=020  \\$a8429726829 (pbk.)
=035  \\$a(OCoLC)20545528
=040  \\$aOKU$cOKU$dUIU
=092  \\$a809.3$bC276h, 1987
=100  1\$aCastellet, J. M.$q(Josep Maria),$d1926-
=240  10$aHora del leator
=245  12$aL'Hora del lector ; seguit de Poesia, realisme, història /$cde J. M. Castellet ; pròleg de J. F. Yvars.
=250  \\$a1a ed. /$bdins l'Alzina.
=260  \\$aBarcelona :$bEdicions 62,$cc1987.
=300  \\$a211 p. ;$c18 cm.
=490  0\$aAlzina ;$v18.$5FU
=490  0\$aL'Alzina ;$v18.$aSerie Assaig$5FU
=504  \\$aIncludes bibliographical references.
=650  \0$aPoetry, Modern$xHistory and criticism.
=650  \0$aCatalan poetry$xHistory and criticism.
=740  0\$aPoesia, realisme, història.
=700  1\$aCastellet, J. M.$q(Josep Maria),$d1926-$tPoesia, realisme, historia.
=951  \\$108$aUFU01:001067896;$5FU

