=LDR  02159cam a2200445I  4500
=001  022985371
=005  20130318152814.0
=008  721220r19661910miu\\\\\\b\\\f000\0\eng\\
=010  \\$a   66025692 
=035  \\$a(OCoLC)00521904
=040  \\$aDLC$cWSU$dm.c.$dSER$dm/c
=050  0\$aQ11$b.S7 vol. 55, 1966
=051  \\$aZ5063$b.B85 1966$cCopy 2.
=082  0\$a016.62913
=090  \\$aZ5063$b.B85 1966
=099  \\$a506$aS664m$av.56$ano.1
=100  1\$aBrockett, Paul,$d1872-1946.
=245  10$aBibliography of aeronautics.$cWashington, Smithsonian Institution, 1910.
=260  \\$aDetroit,$bGale Research Co.,$c1966.
=300  \\$axiv, 940 p.$c23 cm.
=440  \0$aSmithsonian miscellaneous collections,$vv. 55$5FTS$5FU
=490  0\$a[Smithsonian Institution] Publication$v1920$5FU
=490  1\$aPublication$v1920$5FJUNF
=490  1\$a<Smithsonian Institution> Publication 1920$5FTS
=500  \\$aAt head of title: Hodgkins Fund.$5FTS$5FJUNF$5FU
=500  \\$aReprint. Originally published: Washington, D.C. : Smithsonian Institution, 1910.$5FJUNF
=590  \\$aHarold and Mary Jean Hanson Rare Book Collection copy is from the Ray and Cary Cooper Science Collection, an ongoing donation begun in 2006 by Dr. Raymond D. Cooper to the George A. Smathers Libraries, and housed in the Libraries' Department of Special & Area Studies Collections. The collection consists of books, journals, and offprints in the area of the history of science (aeronautics, chemistry, physics, technology), and the development of the atomic bomb.$5FU
=650  \0$aAeronautics$xBibliography.
=690  \4$aImprint ǂz Michigan ǂz Detroit ǂy 1966.$5FU
=700  1\$aCooper, Raymond D., ǂe donor.
=700  1\$aCooper, Cary, ǂe donor.
=710  2\$aGale Research Co., ǂe publisher.
=796  13$aCooper, Ray & Cary, $e donor. $5 FU
=710  2\$aRay and Cary Cooper Science Collection.$5FU
=830  \0$aSmithsonian miscellaneous collections ;$vv. 55
=830  \0$aPublication (Smithsonian Institution) ;$v1920.
=098  98$aSI1.7:55
=951  \\$109$aNFU01:000658041;$5FJUNF
=951  \\$110$aSFU01:000123305;$5FTS
=951  \\$108$aUFU01:001142853;$5FU

