=LDR  01330nam a22003738i 4500
=001  023000229
=005  20101117151109.0
=008  790917s1980\\\\mauc\\\\\b\\\\001|0\eng\\
=010  \\$a   79021271 
=020  \\$a0805767789 :$c{dollar}9.50
=020  \\$a0805767789
=035  \\$a(OCoLC)05498001
=040  \\$aDLC$cDLC$dFTU
=050  0\$aPR6037.A95$bZ65
=082  0\$a823/.9/12
=090  \\$aPR6037.A95$bZ65
=100  1\$aDurkin, Mary Brian.
=245  10$aDorothy L. Sayers /$cMary Brian Durkin.
=260  \\$aBoston :$bTwayne,$cc1980.
=300  \\$a204 p. ;$c21 cm.
=440  \0$aTwayne's English authors series ;$vTEAS 281$5FU$5FTS
=490  0\$aTwayne's English authors series ; TEAS 281$5FPeU
=490  1\$aTwayne's English author series ; TEAS 281$5FOFT$5FBoU$5FMFIU$5FTaSU
=500  \\$aIncludes index.$5FU$5FPeU$5FOFT$5FBoU$5FMFIU$5FTS$5FTaSU
=504  \\$aBibliography: p. 189-200.
=600  10$aSayers, Dorothy L.$q(Dorothy Leigh),$d1893-1957$xCriticism and interpretation.
=830  \0$aTwayne's English authors series ;$vTEAS 281.
=951  \\$107$aCFU01:000184351;$5FOFT
=951  \\$102$aFAU01:000214818;$5FBoU
=951  \\$104$aFIU01:000205396;$5FMFIU
=951  \\$105$aFSU01:000415818;$5FTaSU
=951  \\$110$aSFU01:000342402;$5FTS
=951  \\$108$aUFU01:000087341;$5FU
=951  \\$111$aWFU01:000176780;$5FPeU

