=LDR  01644nam a22003975  4500
=001  023012831
=005  20120623080700.0
=008  750130s1974\\\\ctua\\\\\b\\\\001\0\engm\
=010  \\$a   75301367 
=020  \\$a020801425X
=035  \\$a(OCoLC)01207471
=040  \\$aDLC$cDLC$dm.c.$dFNP
=050  0\$aQ11$b.C9 vol. 45, p. 1-285
=050  0\$aQB34$b.G64
=050  0\$aQ11$b.C9 v.45 p.1-285
=082  0\$a081 s$a520/.21/2
=090  \\$aQB34.G4$bG6
=090  \\$aQB34$b.G65
=100  1\$aGoldstein, Bernard R.
=245  14$aThe astronomical tables of Levi ben Gerson /$cby Bernard R. Goldstein.
=260  \\$aNew Haven, Conn. :$bConnecticut Academy of Arts and Sciences ;$aHamden, Conn. :$bto be obtained from Archon Books,$c1974.
=300  \\$a284 p. :$bill. ;$c23 cm.
=440  \0$aTransactions of the Connecticut Academy of Arts and Sciences ;$vv. 45, p. 1-285$5FTS$5FU
=490  0\$aTransactions - Connecticut Academy of Arts and Sciences ; v. 45$5FBoU
=490  1\$aTransactions - Connecticut Academy of Arts and Sciences ; v. 45, p. 1-285$5FJUNF
=500  \\$aIncludes indexes.$5FJUNF$5FBoU$5FTS$5FU
=500  \\$aTables: p. 153-254.$5FJUNF$5FBoU$5FTS$5FU
=504  \\$aBibliography: p. [87]-90.
=650  \0$aJewish astronomy$xTables.
=650  \0$aAstronomy, Jewish$xTables.
=700  02$aLevi ben Gershom,$d1288-1344.$tMilḥamot ha-Shem. English. Selections. 1974.
=830  \0$aTransactions of the Connecticut Academy of Arts and Sciences ;$vv. 45, p. 1-285.
=951  \\$102$aFAU01:000135264;$5FBoU
=951  \\$109$aNFU01:000116705;$5FJUNF
=951  \\$110$aSFU01:000202373;$5FTS
=951  \\$108$aUFU01:000440054;$5FU

