=LDR  01544cam a2200421Ia 4500
=001  023024993
=005  20090723104349.0
=008  081014s1961\\\\ilua\\\\\tb\\f000\0\eng\d
=027  \\$aANL-6306
=035  \\$a(OCoLC)262479426
=040  \\$aANLSR$cANLSR$dFUG
=086  0\$aY 3.At 7:22/ANL-6306
=100  1\$aAvery, R.
=245  10$aPhysics analysis of proposals for EBWR core 2 /$cby R. Avery and C.N. Kelber.
=246  33$aPhysics analysis of proposals for Experimental Boiling Water Reactor core 2
=260  \\$aArgonne, Ill. :$bArgonne National Laboratory,$c1961.
=300  \\$a35 p. :$bill. ;$c28 cm.
=490  1\$aANL/Argonne National Laboratory ;$v6306$5FU
=490  1\$aAEC Research and Development Report$5FU
=500  \\$a"Reactor Technology"$5FU
=500  \\$a"(TID-4500, 16th Ed.)"$5FU
=500  \\$a"Reactor Engineering Division"$5FU
=504  \\$aBibliography: p. 35.
=536  \\$aOperated by The University of Chicago$bContract No. W-31-109-eng-38
=650  \0$aNuclear reactors$xDesign and construction.
=650  \0$aUranium.
=650  \0$aPlutonium.
=650  \0$aNuclear reactors$xCores.
=650  \0$aBoiling water reactors.
=650  \0$aNuclear fuel elements.
=650  \0$aNuclear fuel rods.
=650  \0$aNuclear fuels.
=700  1\$aKelber, C. N.
=710  2\$aArgonne National Laboratory.$bReactor Engineering Division.$tANL
=710  2\$aU.S. Atomic Energy Commission.$tANL
=830  \0$aANL (Series) ;$v6306.
=830  \0$aAEC research and development report.
=951  \\$108$aUFU01:004693239;$5FU

