=LDR  01747cam a2200385Ia 4500
=001  023034589
=005  20120623055500.0
=008  880923s1986\\\\flua\\\\\b\\\s000|0\eng\d
=019  \\$a19364638
=035  \\$a(OCoLC)18526096
=040  \\$aGIS$cGIS$dFUG
=090  \\$aGB705.U634$bP96 no.91
=245  00$aBiological flocculation of waste grown algal cultures :$bfinal report /$cby Ben Koopman ... [et al.].
=260  \\$aGainesville, Fla. :$bFlorida Water Resources Research Center, University of Florida,$c[1986]
=300  \\$axi, 110 leaves :$bill. ;$c28 cm.
=490  1\$aPublication / Florida Water Resources Research Center, University of Florida ;$vno. 91$5FU
=490  1\$aPublication / University of Florida, Water Resources Research Center ;$vno. 91$5FTS
=500  \\$a"February 1986."$5FU$5FTS
=504  \\$aBibliographpy: leaves 103-110.
=536  \\$aThe research on which this report is based was financed in part by the United States Department of the Interior, Geological Survey, through the State Water Resources Research Institute.$bno. 14-08-0001-G899.
=536  \\$aUSDI grant$c14-08-0001-G899
=650  \0$aSewage$xPurification$xBiological treatment.
=650  \0$aAlgae$xGrowth.
=650  \0$aSewage$xPurification$xFlocculation.
=650  \0$aAlgae$xControl.
=650  \0$aWater resources development.
=650  \0$aWater quality management.
=650  \0$aWater quality.
=650  \0$aWater$xPollution.
=700  1\$aKoopman, Ben L.
=710  2\$aUniversity of Florida.$bWater Resources Research Center.
=710  2\$aGeological Survey (U.S.)
=830  \0$aPublication (University of Florida. Water Resources Research Center) ;$vno. 91.
=951  \\$110$aSFU01:000864793;$5FTS
=951  \\$108$aUFU01:001575581;$5FU

