=LDR  01378nam a2200361I  4500
=001  023047610
=005  20110429103751.0
=008  750404r19761927nyua\\\\\\\\\\00||0\eng\\
=010  \\$a   28028410 
=019  \\$a1404949
=035  \\$a(OCoLC)01253306
=040  \\$cSNN$dFHM
=050  0\$aQA425$b.E8
=050  0\$aQA3$b.A5 v.6
=090  \\$aQA1$b.A5225 vol. 6
=090  \\$aQA425$b.E8
=092  \\$a510.6$bA512c v.6
=100  1\$aEvans, Griffith Conrad,$d1887-1973.
=245  14$aThe logarithmic potential, discontinuous Dirichlet and Neumann problems,$cby Griffith Conrad Evans.
=260  \\$aAnn Arbor, Mich. :$bXerox University press,$c1976.
=300  \\$aviii, 150 p.$bdiagrs.$c24 cm.
=490  1\$aAmerican Mathematical Society. Colloquium publications,$vv. 6$5FOFT$5FTaSU
=490  1\$aColloquium publications,$vv. 6$5FTS
=500  \\$aXerox facsimile, University Microfilms, Ann Arbor, Mich., 1977.$5FOFT
=500  \\$aReprint of the 1927 ed. published by the American Mathematical Society, New York.$5FTS
=650  \0$aIntegral equations.
=650  \0$aPotential theory (Mathematics)
=650  \0$aDifferential equations.
=830  \0$aColloquium publications (American Mathematical Society) ;$vv. 6.
=951  \\$107$aCFU01:000108697;$5FOFT
=951  \\$105$aFSU01:000199912;$5FTaSU
=951  \\$110$aSFU01:000205922;$5FTS
=951  \\$108$aUFU01:000626991;$5FU

