=LDR  01924cjm a2200433Ia 4500
=001  023061067
=005  20120623064800.0
=007  sd|fungnn|||ed
=008  880323s1986\\\\sw\syn\\\i\\\\\\\|\\\\\\d
=028  02$aCD-338$bBis
=033  0\$a19860608$b6954$cS7
=035  \\$a(OCoLC)17665367
=040  \\$aOUN$cGAP$dENG$dFTU
=041  0\$gsweengfreger$hswe
=090  \\$aM1001$b.G33 no.3 1986
=090  \\$aM1001$b.G34 nos. 3-4 1986
=100  1\$aGade, Niels W.$q(Niels Wilhelm),$d1817-1890.
=240  10$aSymphonies,$nno. 3, op. 15,$rA minor
=245  10$aSymphonies no. 3 & no. 4$h[sound recording] /$cNiels W. Gade.
=260  \\$aDjursholm, Sweden :$bBis ;$a[Long Island City, N.Y. :$bDistributed by Qualiton Imports],$cp1986.
=300  \\$a1 sound disc (48 min., 2 sec.) :$bdigital, stereo. ;$c4 3/4 in.
=306  \\$a002650$a002033
=490  0\$aThe complete symphonies / Niels W. Gade ;$vv. 1$5FBoU
=490  1\$aComplete symphonies / Niels W. Gade ;$vv. 1$5FOFT
=500  \\$aDistributor from label on container.$5FOFT$5FBoU
=500  \\$aCompact disc.$5FOFT$5FBoU
=500  \\$aDurations: 26:50; 20:33.$5FOFT$5FBoU
=500  \\$aProgram notes by Knud Ketting in Swedish with English, French, and German translations ([12] p.) in container.$5FOFT$5FBoU
=511  0\$aStockholm Sinfonietta ; Neeme Järvi, conductor.
=518  \\$aRecorded June 8, 1986, Stockholm Concert Hall, Sweden.$5FOFT$5FBoU
=650  \0$aSymphonies.
=700  1\$aJärvi, Neeme.
=700  12$aGade, Niels W.$q(Niels Wilhelm),$d1817-1890.$tSymphonies,$nno. 4,$rB♭ major.
=700  12$aGade, Niels W.$q(Niels Wilhelm),$d1817-1890.$tSymphonies,$nno. 4, op. 20,$rB♭ major.
=710  2\$aStockholms sinfonietta.
=740  0\$aSymphonies no. 3 and no. 4.
=800  1\$aGade, Niels W.$q(Niels Wilhelm),$d1817-1890.$tComplete symphonies (Bis) ;$vv. 1.
=951  \\$107$aCFU01:000578738;$5FOFT
=951  \\$102$aFAU01:000970174;$5FBoU

