=LDR  01492nam a2200397I  4500
=001  023073818
=005  20120623075300.0
=008  750411s1964\\\\onc\\\\\\b\\\\000|0\engm\
=010  \\$a   64057017 
=035  \\$a(OCoLC)01269482
=040  \\$cORL$dFNP
=050  0\$aLB1062$b.I4
=082  0\$a378.01
=090  \\$aLB1062$b.I4
=090  \\$aBF408$b.I48
=245  10$aImagination and the university$c[by] Jacob Bronowski [and others.
=260  \\$aToronto]$bPub. for York University by Univ. of Toronto Press$c[1964]
=300  \\$avi, 103 p.$c23 cm.
=440  \0$aYork University invitation lecture series,$v1963$5FTS$5FU
=440  \4$aThe Frank Gerstein lectures,$v1963$5FMFIU$5FTS$5FU
=490  0\$aThe Frank Gerstein lectures, 1963$5FTaSU
=490  1\$aYork University invitation lecture series, 1963.$5FJUNF$5FMFIU
=500  \\$aYork University invitation lecture series, 1963.$5FTaSU
=504  \\$aIncludes bibliography.
=590  \\$aReprinted 1965.$5FJUNF
=650  \0$aEducation, Higher
=650  \0$aImagination.
=700  1\$aBronowski, Jacob,$d1908-1974.
=810  1\$aYork University (Toronto, Ont.)$tInvitation lecture series,$v1963.
=810  2\$aYork University (Toronto, Ont.).$tInvitation lecture series, 1963.
=830  \4$aThe Frank Gerstein lectures, 1963
=951  \\$104$aFIU01:000117031;$5FMFIU
=951  \\$105$aFSU01:000201399;$5FTaSU
=951  \\$109$aNFU01:000118978;$5FJUNF
=951  \\$110$aSFU01:000207259;$5FTS
=951  \\$108$aUFU01:000422869;$5FU

