=LDR  01142cam a22003131  4500
=001  023089735
=005  20120106145148.0
=008  770822s1896\\\\stk\\\\\\\\\\\000\0\enm\\
=010  \\$a04000960
=035  \\$a(OCoLC)03209271
=040  \\$aDLC$cIQU$dDLC$dOCLCQ$dFUG
=043  \\$ae-uk-st
=050  00$aPR8633$b.S4 no. 36
=090  \\$aPR2339.S24$bA17 1896
=100  1\$aScott, Alexander,$d1525?-1584?
=245  14$aThe poems of Alexander Scott;$ced. by James Cranstoun, LL. D.
=260  \\$aEdinburgh,$aLondon,$bPrinted for the Society by W. Blackwood and Sons,$c1896.
=300  \\$axxii, 218 p.$c22 cm.
=490  1\$aScottish text society. [Publications. no. 36]$5FU
=490  1\$aScottish Text Society,$v36$5FTaSU
=500  \\$aWith a biographical sketch and list of editions of the poems.$5FU$5FTaSU
=500  \\$aContains music (4 p.).$5FU$5FTaSU
=500  \\$a"Glossary": p. [193]-218.$5FU$5FTaSU
=651  \0$aScotland$vPoetry.
=700  1\$aCranstoun, James,$d1837-1901,$eed.
=700  1\$aCranstoun, James,$d1837-1901.
=830  \0$aScot. Text S. ;$v36.
=951  \\$105$aFSU01:000329778;$5FTaSU
=951  \\$108$aUFU01:000590443;$5FU

