=LDR  02038nam a22004338a 4500
=001  023106681
=005  20050329172144.0
=008  960930s1996\\\\nyua\\\\\b\\\\000|0\eng\\
=010  \\$a96036819
=020  \\$a3540619070 (softcover : alk. paper)
=035  \\$a(OCoLC)35688066
=040  \\$aDLC$cDLC$dFUG$dOrLoB-B
=050  00$aQA3$b.L28 no. 1640
=050  00$aQA3$b.L28 no. 1640$aQA927
=082  00$a510 s$a530.15/5353$221
=245  00$aRecent mathematical methods in nonlinear wave propagation :$blectures given at the 1st session of the Centro internazionale matematico estivo (C.I.M.E.), held in Montecatini Terme, Italy, May 23-31, 1994 /$cG. Boillat ... [et al.] ; editor, T. Ruggeri.
=260  \\$aNew York :$bSpringer-Verlag,$c1996.
=300  \\$a142 p. :$bill. ;$c24 cm.
=490  0\$aLecture notes in mathematics,$x0075-8434 ;$v1640$5FBoU$5FTS$5FTaSU$5FOFT
=490  1\$aLecture notes in mathematics ;$v1640$5FMFIU$5FU
=504  \\$aIncludes bibliographical references.
=650  \0$aNonlinear theories.
=650  \0$aWave motion, Theory of.
=650  \0$aNonlinear theories$xCongresses.
=650  \0$aWave motion, Theory of$xCongresses.
=700  1\$aBoillat, G.$q(Guy)
=700  1\$aRuggeri, Tommaso.
=710  2\$aCentro internazionale matematico estivo.
=830  \0$aLecture notes in mathematics (Springer-Verlag) ;$v1640.
=970  21$tNon Linear Hyperbolic Fields and Waves$cG. Boillat$fBoillat, G. (Guy)$p1
=970  21$tEntropy and the Stability of Classical Solutions of Hyperbolic Systems of Conservation Laws$cC. M. Dafermos$fDafermos, C. M. (Constantine M.)$p48
=970  21$tOutline of a theory of the KdV equation$cP. D. Lax$fLax, Peter D.$p70
=970  21$tNonlinear Hyperbolic-Dissipative Partial Differential Equations$cT.-P. Liu$fLiu, T.-P.$p103
=951  \\$107$aCFU01:000616016;$5FOFT
=951  \\$102$aFAU01:000593764;$5FBoU
=951  \\$104$aFIU01:000650789;$5FMFIU
=951  \\$105$aFSU01:001608678;$5FTaSU
=951  \\$110$aSFU01:001098040;$5FTS
=951  \\$108$aUFU01:002198121;$5FU

