=LDR  01882cam a2200469 i 4500
=001  023120501
=005  20150309094850.0
=008  780602s1978\\\\dcua\\\\\b\\\\000|0\engm\
=010  \\$a   78018404 //r842
=020  \\$a0844733032
=035  \\$a(OCoLC)04004855
=040  \\$aDLC$cDLC$dm.c.$dFXN
=043  \\$an-us---
=050  \0$aHD7102.U4$bF65
=082  0\$a368.4/2/00973
=090  \\$aH11$b.A4 v.538
=090  \\$aHD7102.U4$bF65
=099  \\$aHD7102.U4$bF65
=100  1\$aFrech, H. E.
=245  10$aPublic insurance in private medical markets :$bsome problems of national health insurance /$cH. E. Frech III and Paul B. Ginsburg.
=260  \\$aWashington :$bAmerican Enterprise Institute for Public Policy Research,$cc1978.
=300  \\$a93 p. :$bill. ;$c23 cm.
=440  \0$aAEI studies ;$v201$5FTaSU$5FOFT$5FTS
=440  \0$aStudies in health policy$5FTaSU$5FMFIU$5FFmFGC$5FTS
=440  \0$aStuides in health policy.$5FU
=490  0\$aAEI studies ; 201$5FPeU$5FMFIU$5FU
=490  1\$aAEI studies ;$v201$5FFmFGC
=500  \\$aA revision and expansion of the authors' paper originally published in Economic Inquiry, v. 13, no. 1 (March 1975)$5FTaSU$5FPeU$5FOFT$5FMFIU$5FFmFGC$5FU$5FTS
=504  \\$aIncludes bibliographical references.
=650  \0$aHealth insurance$zUnited States.
=650  \0$aNational health insurance$zUnited States.
=650  \0$aInsurance, Health$zUnited States.
=700  1\$aGinsburg, Paul B.,$ejoint author.
=810  2\$aAmerican Enterprise Institute for Public Policy Research.$tPublications ;$vv. 538.
=830  \0$aAEI studies ;$v201.
=951  \\$107$aCFU01:000162384;$5FOFT
=951  \\$104$aFIU01:000186395;$5FMFIU
=951  \\$105$aFSU01:000576725;$5FTaSU
=951  \\$103$aGCU01:000198535;$5FFmFGC
=951  \\$110$aSFU01:000314964;$5FTS
=951  \\$108$aUFU01:000205392;$5FU
=951  \\$111$aWFU01:000162778;$5FPeU

