=LDR  01627cgm a2200361Ma 4500
=001  023134565
=005  20100727080316.0
=007  vf\cbahok
=008  980827q19901998enk026\\\\\\\\\\\\vleng\d
=035  \\$a(OCoLC)222173986
=040  \\$aAU@$beng$cAU@$dOCLCQ
=041  0\$aeng$hfre
=043  \\$ae-fr---
=082  04$as 726.5094409021$221
=090  \\$aNA4790$b.R643
=245  03$aRomanesque architecture of normandy$h[videorecording] :
=246  14$aNarrow naves, mighty vessels
=246  14$aRomanesque architecture of Normandy
=260  \\$aPeasmarsh, England :$bRoland Collection [distributor,$c199-].
=300  \\$a1 videocassette (VHS) (26 min.) :$bsd., col. ;$c1/2 in.
=490  1\$aFrench Romanesque$5FTaFA
=490  1\$aRoman de France$5FTaFA
=490  1\$aAnthony Roland collection of films on art ;$v114$5FTaFA
=500  \\$aDubbed into English.$5FTaFA
=500  \\$aSeries title on cassette: French Romanesque.$5FTaFA
=500  \\$aContainer title: Romanesque architecture of Normandy : narrow naves, mighty vessels.$5FTaFA
=508  \\$aDirector, Bernaud Saint-Pierre; series concept, Clara Ford.
=520  \\$aAbbot Le Gard brings back to life the great figures of Romanesque creation in Normandy. The legend and reality in the story of William the Conqueror are blended. Buildings examined are Cerisy, Jumièges, St Etienne and the Trinité of Caen, Essay, and St Martin de Boscherville.
=650  \0$aArchitecture, Romanesque$zFrance$zNormandy.
=650  \0$aChurch architecture$zFrance$zNormandy.
=700  1\$aFord, Clara.
=700  1\$aSaint-Pierre, Bernaud.
=951  \\$101$aAMU01:001137995;$5FTaFA

