=LDR  01881nam a22004218i 4500
=001  023150809
=005  20110531113544.0
=008  750625s1975\\\\dcua\\\\\b\\\\101|0\eng\\
=010  \\$a   75020298 
=020  \\$a0841202192
=035  \\$a(OCoLC)01530703
=040  \\$aDLC$cDLC$dFDA
=050  0\$aQD1$b.A355 no. 143$aTL214.P6
=050  0\$aQD1$b.A355 no. 143
=082  0\$a540/.8 s$a629.2/5
=090  \\$aQD1$b.A3 no.143
=245  00$aCatalysts for the control of automotive pollutants :$ba symposium /$csponsored by the Division of Industrial and Engineering Chemistry, and co-sponsored by the Board-Council Committee on Chemistry and Public Affairs ... [et al.] at the 167th meeting of the American Chemical Society, Los Angeles, Calif., April 2-4, 1974 ; James E. McEvoy, chairman.
=260  \\$aWashington :$bAmerican Chemical Society,$c1975.
=300  \\$a199 p.$c24 cm.
=440  \0$aAdvances in chemistry series ;$v143$x0065-2393$5FU$5FTS
=440  \0$aAdvances in chemistry series ;$v143$5FMFIU
=490  0\$aAdvances in chemistry series ; 143$5FBoU$5FTaSU
=490  1\$aAdvances in chemistry series ;$vno. 143$5FOFT
=504  \\$aIncludes bibliographical references and index.
=650  \0$aMotor vehicles$xPollution control devices$vCongresses.
=650  \0$aCatalysts$vCongresses.
=700  1\$aMcEvoy, James E.,$d1920-
=700  1\$aMcEvoy, James E.,$d1920-1976.
=700  1\$aMcEvoy, James E.$q(James Edward),$d1920-2007.
=710  2\$aAmerican Chemical Society.
=710  2\$aAmerican Chemical Society.$bDivision of Industrial and Engineering Chemistry.
=830  \0$aAdvances in chemistry series ;$v143.
=951  \\$107$aCFU01:000112076;$5FOFT
=951  \\$102$aFAU01:000148401;$5FBoU
=951  \\$104$aFIU01:000445981;$5FMFIU
=951  \\$105$aFSU01:000225080;$5FTaSU
=951  \\$110$aSFU01:000225770;$5FTS
=951  \\$108$aUFU01:000122820;$5FU

