=LDR  01830cam a2200433 i 4500
=001  023161711
=005  20120623032300.0
=008  740917s1975\\\\hiu\\\\\\b\\\s000|0\eng\\
=010  \\$a   72092065 //r78
=020  \\$a0824802535 :$c{dollar}14.00
=035  \\$a(OCoLC)01055235
=040  \\$aDLC$cDLC$dFGM
=043  \\$ai------
=050  0\$aQC924.I5$bI5 no. 7$aQC880.4.B65
=050  0\$aQC880.4.B65$bG6
=082  0\$a551.6/5/165 s$a551.5
=092  \\$a551.508$bI61, no.7
=100  1\$aGordon, Adrian H.$q(Adrian Hugo)
=245  10$aComputations of surface layer air parcel trajectories, and weather, in the oceanic tropics /$cAdrian H. Gordon, Ronald C. Taylor.
=260  \\$aHonolulu :$bUniversity Press of Hawaii,$c[1975]
=300  \\$a112 p. :$bgraphs ;$c29 cm.
=440  \0$aInternational Indian Ocean Expedition meteorological monographs ;$vno. 7$5FTaSU$5FU
=490  0\$aContribution of the Department of Meteorology, University of Hawaii ; no. 71-9$5FBoU$5FU
=490  0\$aInternational Indian Ocean Expedition meteorological monographs ; no. 7$5FBoU
=490  1\$aContribution of the Department of Meteorology, University of Hawaii ;$vno. 71-9$5FTaSU
=500  \\$a"An East-West Center book."$5FBoU$5FTaSU$5FU
=504  \\$aIncludes bibliographical references.
=650  \0$aBoundary layer (Meteorology)
=650  \0$aDynamic meteorology.
=650  \0$aTropics.
=651  \0$aIndian Ocean.
=651  \0$aTropics.
=700  1\$aTaylor, Ronald C.
=700  1\$aTaylor, Ronald C.,$ejoint author.
=810  2\$aUniversity of Hawaii (Honolulu).$bDept. of Meteorology.$tContribution ;$vno. 71-9.
=811  2\$aUniversity of Hawaii (Honolulu).$bDept. of Meteorology.$tContributions ;$vno. 71-9.
=951  \\$102$aFAU01:000127180;$5FBoU
=951  \\$105$aFSU01:000181120;$5FTaSU
=951  \\$108$aUFU01:000219667;$5FU

