=LDR  01219nam a2200349Ii 4500
=001  023173789
=005  20120623065100.0
=008  790315s1978\\\\kyua\\\\\b\\\\000|0\eng\d
=010  \\$a   79623107 
=020  \\$c{dollar}3.50
=035  \\$a(OCoLC)04747611
=040  \\$aIUL$cIUL$dFSL
=043  \\$an-us-ca
=050  0\$aKFC1172$b.H68 1978
=082  0\$a345/.794/077
=099  \\$aKFC1172$b.H6
=100  1\$aHoward, Dick,$d1937-
=245  10$aDeterminate sentencing in California /$cby Dick Howard.
=260  \\$aLexington, Ky. :$bCouncil of State Governments,$c1978.
=300  \\$a47 p. :$bill. ;$c28 cm.
=490  1\$aCouncil of state governments. RM [publications] ; 657$5FTaSU
=490  1\$aInnovations reports$5FTS
=500  \\$aPrepared under a grant from the National Science Foundation (Grant No. ISR 75 21176)$5FTaSU
=504  \\$aIncludes bibliographical references.
=650  \0$aPrison sentences$zCalifornia.
=650  \0$aSentences (Criminal procedure)$zCalifornia.
=710  1\$aNational Science Foundation (U.S.)
=830  \0$aRM ;$v657.
=830  \0$aInnovations transfer ;$v657.
=830  \0$aInnovations transfer reports
=951  \\$105$aFSU01:000578329;$5FTaSU
=951  \\$110$aSFU01:000419154;$5FTS

