=LDR  01828nam a2200325Ia 4500
=001  023188995
=005  20141217102506.0
=008  901112s1990\\\\fr\\\\\\\b\\\\000|0\fre\d
=020  \\$a225690878X
=035  \\$a(OCoLC)22668292
=040  \\$aWOO$cWOO
=090  \\$aPR6019.O9$bZ5935 vol. 2
=245  00$a"Scribble" 2,$bJoyce et Flaubert /$ctextes réunis par Claude Jacquet et André Topia.
=260  \\$aParis :$bLettres modernes Minard,$c1990.
=300  \\$a189 p. ;$c19 cm.
=440  \3$aLa Revue des lettres modernes,$x0035-2136 ;$vno. 953-958$5FU
=490  0\$aLa Revue des lettres modernes,$x0035-2136 ;$vno. 953-958$5FTaSU
=490  1\$aJames Joyce,$x0994-7140 ;$v2$5FTaSU$5FU
=504  \\$aIncludes bibliographical references.
=505  0\$aToward a postflaubertian Joyce / by David Hayman -- Flaubert et Joyce / par André Topia -- Shifting sexual centres / by Richard Brown --Ecrits de formation / par Jacques Neefs -- Masculinité et féminité dans Madame Bovary et Ulysses / par Roger Huss -- La narration de l'autogenèse dans La tentation de saint Antoine et dans Ulysses / par Elizabeth Brunazzi -- "Che vuoi?" : Don Giovanni and the seductions of art / by Beryl Schlossman -- Du côté de chez Circé / par Jean-Jacques Mayoux -- Joyce, Flaubert et Exiles / par Jean-Michel Rabaté et Pierre-Marc de Biasi -- Intellectual nodality of the lisible / by Fritz Senn.$5FU
=600  10$aJoyce, James,$d1882-1941.
=600  10$aFlaubert, Gustave,$d1821-1880$xInfluence$xJames Joyce.
=600  10$aJoyce, James,$d1882-1941$xCriticism and interpretation.
=700  1\$aTopia, André.
=700  1\$aJacquet, Claude.
=740  0\$a"Scribble" two.
=740  0\$aJoyce et Flaubert.
=830  \0$aRevue des lettres modernes.$pJames Joyce ;$v2.
=951  \\$105$aFSU01:001089950;$5FTaSU
=951  \\$108$aUFU01:001819973;$5FU

