=LDR  01190nam a2200313I  4500
=001  023206183
=005  20100430134813.0
=008  750605s1965\\\\sp\\\\\\\\\\\\000|0\spa\d
=035  \\$a(OCoLC)01375917
=040  \\$aICU$cICU$dFTU
=090  \\$aPQ6426$b.A1 1965
=100  1\$aRojas, Fernando de,$dd. 1541.
=240  10$aCelestina
=245  10$aTragicomedia de Calixto y Melibea;$blibro también llamado La Celestina.$cEdición crítica por M. Criado de Val y G. D. Trotter.
=250  \\$a2. ed.$bcorr.
=260  \\$aMadrid,$bConsejo Superior de Investigaciones Científicas,$c1965-
=300  \\$axv, 319 p.$billus., facsims.$c26 cm.
=490  0\$aClásicos hispánicos. Ser. 2: Ediciones críticas, v. 3$5FMFIU
=490  1\$aClásicos hispánicos. Ser. 2: Ediciones críticas,$vv. 3$5FOFT
=505  0\$a[1. Texto]$5FMFIU$5FOFT
=700  1\$aCriado de Val, Manuel.
=700  1\$aTrotter, G. D.
=700  1\$aCriado de Val, Manuel$eed.
=700  1\$aTrotter, G. D.,$eed.
=740  0\$aCalixto y Melibea.
=740  30$aLa Celestina.
=830  \0$aClásicos hispánicos.$nSerie II,$pEdiciones críticas ;$vv. 3.
=951  \\$107$aCFU01:000769209;$5FOFT
=951  \\$104$aFIU01:000121299;$5FMFIU

