=LDR  01167cam a2200325I  4500
=001  023220691
=005  20120306133507.0
=008  750910s1960||||gauh\\\\\\\\\\000|0\eng\\
=010  \\$a   60009142 
=035  \\$a(OCoLC)01616265
=040  \\$aDLC$cFUG$dFTU
=090  \\$aE99.C9$bC73
=090  \\$aE99.C9$bC73 1960
=099  \\$aF.05$aW276
=110  2\$aCreek Nation.
=240  10$aLaws, etc.
=245  10$aLaws of the Creek Nation.$cEdited by Antonio J. Waring.
=260  \\$aAthens [Ga.]$bUniversity of Georgia Press,$c1960.
=300  \\$avii, 27 p.$bfacsims.$c22 cm.
=490  1\$aUniversity of Georgia Libraries miscellenea publications ;$vno. 1$5FOFT
=490  1\$aUniversity of Georgia Libraries. Miscellanea publications, no. 1$5FU$5FTaSU
=610  20$aCreek Nation.
=650  \0$aCreek law.
=700  1\$aWaring, Antonio J.
=710  1\$aMuscogee (Creek) Nation, Oklahoma.
=810  2\$aUniversity of Georgia.$bLibrary.$tMiscellanea publications ;$vno. 1
=830  \0$aUniversity of Georgia Libraries miscellanea publications ;$vno. 1.
=951  \\$107$aCFU01:000114345;$5FOFT
=951  \\$105$aFSU01:000616432;$5FTaSU
=951  \\$108$aUFU01:000127931;$5FU

