=LDR  00799nam a2200217I  4500
=001  023235039
=005  20120623022900.0
=008  750723\1922\\\\\\\\\\\\\\\\\\\\\|\\eng\u
=010  \\$a   23002610 
=035  \\$a(OCoLC)01468578
=040  \\$cIQU$dm.c.$dFNP
=050  0\$aPS2380$b.F22 v. 5
=100  1\$aMelville, Herman,$d1819-1891.
=245  10$aRedburn;$bhis first voyage being the sailor-boy, confessions and reminiscences of the son of a gentleman in the merchant service,$cby Herman Melville.
=250  \\$aStandard ed.
=260  \\$aLondon,$bConstable,$c1922.
=300  \\$ax, 403 p.$c24 cm.
=490  0\$aThe works of Herman Melville ;$vv. 5$5FJUNF
=490  0\$aThe works of Herman Melville. Standard edition. v. 5$5FTaSU
=951  \\$105$aFSU01:000219043;$5FTaSU
=951  \\$109$aNFU01:000124616;$5FJUNF

