=LDR  01046nam a2200253I  4500
=001  023249369
=005  20140918184400.0
=008  750627\1973\\\\\\\\\\\\\\\\\\000|0\eng\c
=035  \\$a(OCoLC)01417334
=040  \\$aFlorida International Univ
=090  \\$aB154$b.T5 1973
=245  00$aThree Jewish philosophers.$bPhilo: Selections,$cedited by Hans Lewy. Saadya Gaon: Book of doctrines and beliefs, edited by Alexander Altmann. Jehuda Halevi: Kuzari, edited by Isaak Heinemann.
=260  \\$aNew York,$bAtheneum,$c1973.
=300  \\$a112, 190, 147 p.$c21 cm.
=490  0\$aA Temple book$5FMFIU
=490  1\$aAtheneum paperback$5FMFIU
=500  \\$aPreviously published in 1960 by Meridian Books, New York.$5FMFIU
=504  \\$aIncludes bibliography.
=650  \0$aJewish philosophy.
=700  0\$aPhilo,$cof Alexandria
=700  0\$aSaʻadia ben Joseph,$d882-942.$tBook of doctrines and beliefs.
=700  1\$aJudah,$cha-Levi,$d12th cent.$tKitāb al-ḥujjah.$lEnglish & Hebrew.
=830  \0$aAtheneum paperbacks.
=951  \\$104$aFIU01:000122678;$5FMFIU

