=LDR  01637nam a2200373Ii 4500
=001  023260726
=005  20100914161745.0
=008  751203r19681932nyu\\\\\\\\\\\001|0\eng\d
=035  \\$a(OCoLC)01871081
=040  \\$aKSU$cKSU$dm.c.$dFDA
=090  \\$aGN2$b.F4 v. 17, no. 4
=100  1\$aThompson, J. Eric S.$q(John Eric Sidney),$d1898-1975.
=245  14$aThe solar year of the Mayas at Quirigua, Guatemala /$cby J. Eric Thompson. Berthold Laufer, editor.
=260  \\$aNew York :$bKraus Reprint,$c1968.
=300  \\$a365-421 p. :$bill. ;$c24 cm.
=410  10$aChicago Natural History Museum.$tPublication - Chicago Natural History Museum,$vno. 315$5FBoU
=410  10$aChicago Natural History Museum.$tFieldiana: Anthropology,$vv. 17, no. 4$5FBoU
=440  \0$aFieldiana.$pAnthropology ;$vv. 17, no. 4$5FPeU
=490  0\$aChicago Natural History Museum. Publication,$v315$5FTaSU
=490  0\$aAnthropology series ;$vv. 17, no. 4$5FTaSU
=500  \\$aReprint of 1932 ed. published by Field Museum of Natural History, Chicago.$5FPeU$5FBoU
=500  \\$aBound with His: A correlation of the Mayan and European calendars.$5FPeU
=500  \\$aReprint of 1932 ed. published by Field Museum of Natural History.$5FTaSU
=500  \\$aIncludes index.$5FTaSU
=504  \\$aBibliography: p. 419-420.
=650  \0$aMayas$xCalendar.
=650  \0$aMaya calendar.
=650  \0$aMayas$xChronology.
=650  \0$aMaya chronology.
=651  \0$aQuirigua (Guatemala)$xAntiquities.
=700  1\$aLaufer, Berthold,$d1874-1934.
=951  \\$102$aFAU01:000158847;$5FBoU
=951  \\$105$aFSU01:000250999;$5FTaSU
=951  \\$111$aWFU01:000130681;$5FPeU

