=LDR  01497pam a2200397 i 4500
=001  023273022
=005  20120623065000.0
=008  800422s1980\\\\mnua\\\\\b\\\\000\0\eng\\
=010  \\$a80016304  
=019  \\$a39479584
=020  \\$a0930656105 :$c{dollar}12.95
=020  \\$a0930656091 (pbk.) :$c{dollar}6.95
=035  \\$a(OCoLC)06304900
=040  \\$aDLC$cDLC$dm.c.$dFUG
=041  0\$aengspa
=050  0\$aPQ7516.Z5$bN5
=082  0\$a861/.008/0353
=245  00$aNicaragua in revolution :$bthe poets speak = Nicaragua en revolución : los poetas hablan /$ceditors, Bridget Aldaraca ... [et al.].
=260  \\$aMinneapolis :$bMarxist Educational Press,$cc1980.
=300  \\$aiv, 301 p. :$bill. ;$c23 cm.
=490  1\$aStudies in Marxism ;$vv. 5$5FU$5FJUNF$5FBoU
=490  1\$aStudies in Marxism ; 5$5FMFIU
=500  \\$aEnglish and Spanish.$5FU$5FJUNF$5FBoU
=504  \\$aBibliography: p. 300-301.
=590  \\$aThird printing, 1984.$5FJUNF
=650  \0$aRevolutionary poetry, Nicaraguan$vTranslations into English.
=650  \0$aRevolutionary poetry, English$vTranslations from Spanish.
=650  \0$aRevolutionary poetry, Nicaraguan.
=700  1\$aAldaraca, Bridget,$d1938-
=740  0\$aNicaragua en revolución.
=830  \0$aStudies in Marxism (Minneapolis, Minn.) ;$vv. 5.
=830  \0$aStudies in Marxism (Minneapolis) ;$v5.
=951  \\$102$aFAU01:000972251;$5FBoU
=951  \\$104$aFIU01:000211995;$5FMFIU
=951  \\$109$aNFU01:000359136;$5FJUNF
=951  \\$108$aUFU01:000095460;$5FU

