=LDR  02432pam a2200397 a 4500
=001  023287116
=005  20120623065000.0
=008  960611s1997\\\\nyua\\\\\b\\\\001\0\eng\\
=010  \\$a   96024090 
=015  \\$aGB97-14244
=019  \\$a36726663
=020  \\$a0815317549 (acid-free paper)
=035  \\$a(OCoLC)34967837
=035  \\$a(AcBC)F00693151
=040  \\$aDLC$cDLC
=050  00$aHQ759.48$b.F35 1997
=082  00$a331.4/4$220
=245  00$aFamilies of employed mothers :$ban international perspective /$cedited by Judith Frankel.
=260  \\$aNew York :$bGarland Pub.,$c1997.
=300  \\$axviii, 269 p. :$bill. ;$c22 cm.
=490  1\$aGarland reference library of social science ;$vvol. 985$5FTS$5FFmFGC$5FMFIU$5FOFT$5FJUNF
=490  1\$aReference books on family issues ;$vvol. 24$5FTS$5FFmFGC$5FMFIU$5FOFT$5FJUNF
=504  \\$aIncludes bibliographical references and index.
=505  0\$aEmployed mothers and their families in Britain / Jane Wheelock and Peter McCarthy -- Employed mothers in Germany / Sabine Walper and Nancy L. Galambos -- Paid work, married women, and the family in India / G.N. Ramu -- Employed mothers and their families : the Israeli experience / Ruth Katz -- Maternal employment and family patterns : Mexican women in the maquiladora industry / Elsa O. Valdez -- Effects of employment on the families of African working mothers : the case of Nigeria / Justin A. Odulana -- Filipino maternal employment : its impact on self, husband, and children / Teresita Paed Pedrajas -- Work and family situations of women in top management in Puerto Rico / Eileen M. Colberg Luciano and Evelyn Ramos Marcano -- Families of employed mothers in Taiwan / Vincent Shieh, Angela Lo, and Emily Su -- Families of employed mothers in the United States / Dolores A. Stegelin and Judith Frankel.$5FMFIU
=650  \0$aWorking mothers$xCross-cultural studies.
=650  \0$aChildren of working mothers$xCross-cultural studies.
=650  \0$aWork and family$xCross-cultural studies.
=650  \0$aDual-career families$xCross-cultural studies.
=700  1\$aFrankel, Judith.
=830  \0$aReference books on family issues ;$vv. 24.
=830  \0$aGarland reference library of social science ;$vv. 985.
=951  \\$107$aCFU01:000722768;$5FOFT
=951  \\$104$aFIU01:000674025;$5FMFIU
=951  \\$103$aGCU01:000099863;$5FFmFGC
=951  \\$109$aNFU01:000430899;$5FJUNF
=951  \\$110$aSFU01:001100656;$5FTS

