=LDR  01433nam a2200361 i 4500
=001  023300041
=005  20101023125912.0
=008  751111s1975\\\\caua\\\\\b\\\\000|0\eng\\
=010  \\$a75009046  
=020  \\$a0803905432 :$c{dollar}3.00
=035  \\$a(OCoLC)01945227
=040  \\$aDLC$cDLC$dFUG
=050  0\$aBF1029$b.G73
=082  0\$a133.8/092/6
=092  \\$a300.8$bS129, v.3, no.90-, 023
=099  \\$aH$a31$a.S34$a90-023
=100  1\$aGreeley, Andrew M.,$d1928-
=245  14$aThe sociology of the paranormal :$ba reconnaissance /$cAndrew M. Greeley.
=260  \\$aBeverly Hills, Calif. :$bSage Publications,$cc1975.
=300  \\$a88 p. :$bdiagrs. ;$c22 cm.
=490  0\$aSage research papers in the social sciences ; 90-023 : Studies in religion and ethnicity$5FMFIU$5FBoU
=490  0\$aSage research papers in the social sciences ; 90-023$5FPeU
=490  0\$aStudies in religion and ethnicity$5FPeU
=490  1\$aSage research papers in the social sciences. Studies in religion and ethnicity$vser. no. 90-023, v. 3$5FU
=504  \\$aBibliography: p. 87-88.
=650  \0$aParapsychology$xCase studies.
=650  \0$aMysticism$xCase studies.
=830  \0$aSage research papers in the social sciences ;$vno. 90-023.
=830  \0$aStudies in religion and ethnicity.
=951  \\$102$aFAU01:000160487;$5FBoU
=951  \\$104$aFIU01:000137995;$5FMFIU
=951  \\$108$aUFU01:000144973;$5FU
=951  \\$111$aWFU01:000131970;$5FPeU

