=LDR  00801nam a22002655  4500
=001  023316936
=005  20120623000400.0
=008  750724s1975\\\\nyua\\\\\b\\\\000\0beng\\
=010  \\$a   75319618 
=020  \\$a0345243919 :$c{dollar}2.00
=035  \\$a(OCoLC)01552005
=040  \\$aDLC$cDLC$dFNP
=043  \\$ae-ur---
=050  0\$aDK268.S8$bT66
=082  0\$a947.084/2/0924$aB
=100  1\$aTremain, Rose.
=245  10$aStalin /$cRose Tremain.
=260  \\$aNew York :$bBallantine Books,$c1975.
=300  \\$a159 p. :$bill. ;$c21 cm.
=490  0\$aWar leader book ; no. 31$5FJUNF
=490  0\$aBallantine's illustrated history of the violent century$5FJUNF
=504  \\$aBibliography: p. 151.
=600  10$aStalin, Joseph,$d1879-1953
=651  \0$aSoviet Union$xHistory.
=951  \\$109$aNFU01:000127447;$5FJUNF

