=LDR  01497pam a2200397 i 4500
=001  023333808
=005  20120623015700.0
=008  750103s1975\\\\wb\a\\\\\b\\\\001|0\eng\\
=010  \\$a   74034232 
=020  \\$a0387070974
=035  \\$a(OCoLC)01169960
=040  \\$aDLC$cDLC$dFGM
=050  0\$aQL801$b.E67 v.50, fasc.5
=050  0\$aQL938.M4$bH36
=050  0\$aQL801$b.E67 vol. 50, fasc. 5
=060  \\$aW1 AD433K v. 50 fasc. 5$aWR101 H157m
=082  0\$a574.4/08 s$a599/.01/858
=090  \\$aQL938.M4$bH34
=100  1\$aHalata, Z.,$d1939-
=245  14$aThe mechanoreceptors of the mammalian skin ultrastructure and morphological classification /$cZ. Halata.
=260  \\$aBerlin ;$aNew York :$bSpringer-Verlag,$c1975.
=300  \\$a77 p. :$bill. ;$c25 cm.
=440  \0$aAdvances in anatomy, embryology and cell biology ;$v50, fasc. 5.$5FU
=440  \0$aAdvances in anatomy, embryology and cell biology ;$v50.5$5FTS
=490  0\$aAdvances in anatomy, embryology and cell biology ; v. 50, fasc. 5$5FBoU
=490  0\$aAdvances in anatomy, embryology and cell biology ; 50.5$5FTaSU
=500  \\$aIncludes index.$5FBoU$5FU$5FTS$5FTaSU
=504  \\$aBibliography: p. 67-75.
=650  \0$aMechanoreceptors.
=650  \0$aSkin$xInnervation.
=650  \0$aMammals$xAnatomy.
=650  \2$aMechanoreceptors$xanatomy & histology.
=951  \\$102$aFAU01:000133262;$5FBoU
=951  \\$105$aFSU01:000192357;$5FTaSU
=951  \\$110$aSFU01:000199012;$5FTS
=951  \\$108$aUFU01:000104143;$5FU

