=LDR  01877nam a2200469 i 4500
=001  023348376
=005  20100528145753.0
=008  751110s1975\\\\nyud\\\\\\\\\\100|0\eng\d
=010  \\$a   75029926 
=019  \\$a1874593
=020  \\$a0823701069
=020  \\$a0823701069 :$c{dollar}15.00
=035  \\$a(OCoLC)01822051
=040  \\$aDLC$cDLC$dFTU
=043  \\$an-us---
=050  0\$aHC106.6$b.C619 1975
=082  0\$a330.9/73/0925
=090  \\$aHC106.6$b.C619 1975
=090  \\$aHC106.4.A1$bN3 no.672
=092  \\$a338.5/443/0973
=099  \\$aHC$a10$a.N3$ano. 672
=111  2\$aConference Board Economic Forum,$cNew York,$d1975.
=245  14$aThe 1975 mid-year business outlook :$bwith added comment on capital requirements and policy equipment : proceedings /$cthe Conference Board Economic Forum, Friday, May 16, 1975, the Waldorf-Astoria, New York, New York.
=260  \\$a[New York] :$bConference Board,$c[1975]
=300  \\$avi, 106 p. :$bgraphs ;$c23 cm.
=440  \0$aConference Board report ;$vno. 672$5FOFT$5FTS
=490  0\$aThe Conference Board report ; no. 672$5FTaSU
=490  1\$aConference Board report ; no. 672$5FJUNF$5FBoU$5FU
=650  \0$aSaving and investment$zUnited States$vCongresses.
=650  \0$aEconomic forecasting$zUnited States$xCongresses.
=650  \0$aBusiness forecasting$xCongresses.
=651  \0$aUnited States$xEconomic policy$y1971-1981$vCongresses.
=651  \0$aUnited States$xEconomic conditions$y1971-1981$vCongresses.
=651  \0$aUnited States$xEconomic conditions$y1945-$xCongresses.
=710  2\$aConference Board.
=830  \0$aConference Board report ;$vno. 672.
=951  \\$107$aCFU01:000118445;$5FOFT
=951  \\$102$aFAU01:000158929;$5FBoU
=951  \\$105$aFSU01:000247219;$5FTaSU
=951  \\$109$aNFU01:000133144;$5FJUNF
=951  \\$110$aSFU01:000239665;$5FTS
=951  \\$108$aUFU01:000138576;$5FU

