=LDR  01493nam a2200361Ia 4500
=001  023365768
=005  20121130113500.0
=008  970213s1996\\\\mdu\\\\\\\\\\f000|0\spa\d
=035  \\$a(OCoLC)36380623
=040  \\$aGPO$cGPO
=041  1\$aspaeng
=074  \\$a0507-G-02
=086  0\$aHE 20.3152:P 19/5/996/ENG./SPA.
=245  00$aHagase la prueba pap :$bhagalo hoy-- o por su salud y su familia = Have a pap test : do it today for your health and for your family.
=246  31$aHave a pap test
=260  \\$a[Bethesda, Md.?] :$bInstitutos Nacionales de la Salud, Instituto Nacional del Cancer,$c[1996]
=300  \\$a1 folded sheet (6 p.) ;$c22 cm.
=490  1\$aPublicación del NIH ;$vno. 97-3211S$5FFmFGC$5FMFIU$5FU
=490  1\$aPublicacion del NIH ;$vno. 97-3211S$5FTS$5FBoU$5FTaFA
=490  1\$aPublication ;$vno. 97-3211$5FTS$5FBoU$5FFmFGC$5FMFIU$5FU$5FTaFA
=500  \\$a"Noviembre de 1996"--P. [6].$5FTS$5FBoU$5FFmFGC$5FMFIU$5FU$5FTaFA
=500  \\$aShipping list no.: 97-0105-P.$5FTS$5FBoU$5FFmFGC$5FMFIU$5FU$5FTaFA
=650  \0$aPap test.
=650  \0$aBreast$xCancer$xDiagnosis.
=650  \0$aCervix uteri$xCancer$xDiagnosis.
=710  2\$aNational Cancer Institute (U.S.)
=830  \0$aNIH publication ;$vno. 97-3211 S.
=830  \0$aNIH publication ;$vno. 97-3211.
=951  \\$101$aAMU01:000372284;$5FTaFA
=951  \\$102$aFAU01:000616104;$5FBoU
=951  \\$104$aFIU01:000676378;$5FMFIU
=951  \\$103$aGCU01:000158818;$5FFmFGC
=951  \\$108$aUFU01:002212048;$5FU

