=LDR  02060cam a2200541 a 4500
=001  023383378
=005  20080222140817.0
=008  960424s1997\\\\maua\\\\\b\\\\001|0\eng\\
=010  \\$a   96021571 
=020  \\$a0631190694 (hardcover : alk. paper)
=020  \\$a0631190716 (pbk. : alk. paper)
=035  \\$a(OCoLC)34675529
=040  \\$aDLC$cDLC$dC#P$dFTU
=050  00$aBD418.3$b.R69 1997
=082  00$a128/.2$220
=100  1\$aRey, Georges,$d1945-
=245  10$aContemporary philosophy of mind :$ba contentiously classical approach /$cGeorges Rey.
=260  \\$aCambridge, Mass. :$bBlackwell,$c1997.
=300  \\$axv, 362 p. :$bill. ;$c24 cm.
=490  1\$aContemporary philosophy ;$v[2]$5FTS$5FBoU$5FTaSU$5FOFT
=490  1\$aContemporary philosophy$5FMFIU$5FU
=504  \\$aIncludes bibliographical references (p. 329-349) and index.
=650  \0$aPhilosophy of mind.
=830  \0$aContemporary philosophy (Cambridge, Mass.) ;$v[2].
=830  \0$aContemporary philosophy (Cambridge, Mass.)
=970  01$tList of Figures
=970  01$tPreface
=970  01$tIntroduction$p1
=970  11$l1$tPreliminaries$p14
=970  11$l2$tTemptations to Dualism$p38
=970  11$l3$tEliminativism: Philosophical Issues$p69
=970  11$l4$tEliminativism: Empirical Issues$p95
=970  11$l5$tMentalism: Pre-Functionalist Approaches$p135
=970  11$l6$tFunctionalism: Commonalities$p165
=970  11$l7$tFunctionalism: Differences$p184
=970  11$l8$tCRTT: Computation (Meeting Descartes' Challenge)$p208
=970  11$l9$tCRTT: Representation (Meeting Brentano's Challenge)$p237
=970  11$l10$tReplies to Common Objections$p264
=970  11$l11$tFurther Capacities (Meeting Levine's Challenge)$p288
=970  01$tGlossary$p322
=970  01$tReferences$p329
=970  01$tIndex$p350
=951  \\$107$aCFU01:000730646;$5FOFT
=951  \\$102$aFAU01:000614447;$5FBoU
=951  \\$104$aFIU01:000691445;$5FMFIU
=951  \\$105$aFSU01:001696530;$5FTaSU
=951  \\$110$aSFU01:001103650;$5FTS
=951  \\$108$aUFU01:002215612;$5FU

