=LDR  00931nam a2200289I  4500
=001  023399193
=005  20120623034000.0
=008  840131s1959\\\\maua\\\\\\\\\\000|0\eng\c
=010  \\$a   59009283 
=019  \\$a9475820
=035  \\$a(OCoLC)01902088
=040  \\$aDLC$cFQG$dFTU
=050  0\$aQA931$b.P38
=092  \\$a605$bH339h, no.6
=092  \\$a531.38$bP361t
=100  1\$aPearson, Carl E.
=245  10$aTheoretical elasticity.
=260  \\$aCambridge$bHarvard University Press,$c1959.
=300  \\$a218 p.$billus.$c22 cm.
=440  \0$aHarvard monographs in applied science$vno. 6.$5FU
=490  0\$aHarvard monographs in applied science. no. 6.$5FOFT
=490  1\$aHarvard monographs in applied science,$vno. 6$5FTaSU
=650  \0$aElasticity.
=830  \0$aHarvard monographs in applied science ;$vno. 6.
=951  \\$107$aCFU01:000120033;$5FOFT
=951  \\$105$aFSU01:000720846;$5FTaSU
=951  \\$108$aUFU01:000143375;$5FU

