=LDR  01573cam a2200409 a 4500
=001  023415324
=005  20070920130523.0
=008  950605m19959999okua\\\\\b\\\\001\0\eng\\
=010  \\$a95022789
=020  \\$a9781560800309 (alk. paper)
=020  \\$a1560800305 (alk. paper)
=020  \\$a9781560800750 (v. 2)
=020  \\$a1560800755 (v. 2)
=020  \\$a9781560800293 (v. 1 : alk. paper)
=020  \\$a1560800291 (v. 1 : alk. paper)
=020  \\$a9780931830471 (series)
=020  \\$a0931830478 (series)
=035  \\$a(OCoLC)32701519
=040  \\$aDLC$cDLC$dBTCTA$dYDXCP$dFUG
=050  00$aQC806$b.H33 1995
=082  00$a550/.1/51$220
=100  1\$aHadsell, Frank,$d1929-
=245  10$aTensors of geophysics for mavericks and mongrels /$cFrank Hadsell.
=246  1\$iTitle on vol. 2- :$aTensors of geophysics
=260  \\$aTulsa, Okla. :$bSociety of Exploration Geophysicists,$cc1995-<c1999 >
=300  \\$av. <1-2 > :$bill. ;$c27 cm.
=490  1\$aGeophysical references series ;$vno. 6-<7 >$5FU
=490  1\$aGeophysical references series ;$vno. 6$5FMFIU
=504  \\$aIncludes bibliographical references (p. 237-240) and indexes.
=505  1\$av. 2. Generalized functions and curvilinear coordinates / Frank Hadsell, Richard Hansen ; volume editor, Robert W. Wiley.$5FU
=650  \0$aCalculus of tensors.
=650  \0$aAlgebras, Linear.
=650  \0$aGeophysics$xMathematics.
=830  \0$aGeophysical references ;$vv. 6, etc.
=830  \0$aGeophysical references ;$vv. 6
=951  \\$104$aFIU01:000624188;$5FMFIU
=951  \\$108$aUFU01:003903801;$5FU

