=LDR  01725pam a2200445 a 4500
=001  023430133
=005  20090722171656.0
=008  871209s1988\\\\nyu\\\\\\b\\\\001\0\eng\\
=010  \\$a   87035302 
=015  \\$aGB91-18848
=020  \\$a0824083903 (alk. paper)
=035  \\$a(AcBC)F01146760
=035  \\$a(OCoLC)17298534
=040  \\$aDLC$cDLC$dUKM
=043  \\$an-us---
=050  0\$aZ5817$b.W64 1988$aLB3047
=050  0\$aZ5817$b.W64 1988
=050  0\$aLB3047$b.W64 1988
=082  0\$a016.37$219
=090  \\$aLB3047$b.W66 1988
=100  1\$aWoodward, Arthur,$d1950-
=245  10$aTextbooks in school and society :$ban annotated bibliography and guide to research /$cArthur Woodward, David L. Elliott, Kathleen Carter Nagel.
=260  \\$aNew York :$bGarland,$c1988.
=300  \\$a176 p. ;$c23 cm.
=490  1\$aThe Garland bibliographies in contemporary education ;$vvol. 6$5FFmFGC$5FU$5FTS$5FJUNF$5FMFIU$5FBoU$5FTaSU
=490  1\$aGarland reference library of the social sciences ;$vvol. 405$5FFmFGC$5FU$5FTS$5FJUNF$5FMFIU$5FBoU$5FTaSU
=500  \\$aIncludes indexes.$5FFmFGC$5FU$5FTS$5FJUNF$5FMFIU$5FBoU$5FTaSU
=650  \0$aTextbooks$zUnited States$vBibliography.
=653  \\$aTextbooks
=700  1\$aElliott, David L.,$d1929-
=700  1\$aNagel, Kathleen Carter.
=830  \0$aGarland reference library of social science ;$vv. 405.
=830  \0$aGarland bibliographies in contemporary education ;$vv. 6.
=951  \\$102$aFAU01:000438790;$5FBoU
=951  \\$104$aFIU01:000360259;$5FMFIU
=951  \\$105$aFSU01:000993754;$5FTaSU
=951  \\$103$aGCU01:000099206;$5FFmFGC
=951  \\$109$aNFU01:000303608;$5FJUNF
=951  \\$110$aSFU01:000690689;$5FTS
=951  \\$108$aUFU01:001087293;$5FU

