=LDR  01863cam a2200469 a 4500
=001  023448928
=005  20120510140542.0
=008  900618s1990\\\\caua\\\\\b\\\\001\0\eng\\
=010  \\$a   90041826 
=019  \\$a24247372
=020  \\$a1555422888
=035  \\$a(OCoLC)22004191
=040  \\$aDLC$cDLC
=050  00$aRA971.3$b.B52 1990
=060  0\$aWX 157$bB635c 1990
=082  00$a362.1/1/0681$220
=096  \\$aWX 157 B635c 1990
=100  1\$aBlair, John D.$q(John David),$d1944-
=245  10$aChallenges in health care management :$bstrategic perspectives for managing key stakeholders /$cJohn D. Blair, Myron D. Fottler with the assistance of Grant T. Savage and Carlton J. Whitehead.
=250  \\$a1st ed.
=260  \\$aSan Francisco :$bJossey-Bass Publishers,$c1990.
=300  \\$axxi, 372 p. :$bill. ;$c24 cm.
=490  0\$aThe Jossey-Bass health series$5FPeU
=490  0\$aThe Jossey-Bass management series$5FPeU
=490  1\$aA Joint publication in the Jossey-Bass health series and the Jossey-Bass management series$5FSsNC$5FTaSU$5FU$5FTS$5FBoU$5FOFT$5FJUNF
=500  \\$aIncludes index.$5FSsNC
=504  \\$aIncludes bibliographical references (p. 347-360) and index.
=650  \0$aHealth facilities$xBusiness management.
=650  \0$aHealth facilities$xAdministration.
=650  \2$aFinancial Management$xorganization & administration.
=650  \2$aHealth Facilities$xeconomics.
=700  1\$aFottler, Myron D.
=830  \0$aJossey-Bass health series.
=830  \0$aJossey-Bass management series.
=951  \\$107$aCFU01:000392630;$5FOFT
=951  \\$102$aFAU01:000395206;$5FBoU
=951  \\$105$aFSU01:001106769;$5FTaSU
=951  \\$106$aNCU01:000114319;$5FSsNC
=951  \\$109$aNFU01:000447177;$5FJUNF
=951  \\$110$aSFU01:000811534;$5FTS
=951  \\$108$aUFU01:001725352;$5FU
=951  \\$111$aWFU01:000335500;$5FPeU

