=LDR  06324nam a2200505Ia 4500
=001  023461335
=005  20110318195927.0
=006  m\\\\\\\\d\\\\\\\\
=007  cr\cn|
=008  100827s2009\\\\nyuaf\\\sb\\\\001\0\eng\d
=020  \\$a9781603278157
=020  \\$a160327815X
=035  \\$a(OCoLC)658860945
=037  \\$a978-1-60327-814-0$bSpringer$nhttp://www.springerlink.com
=040  \\$aGW5XE$beng$cGW5XE
=050  14$aQH506$b.M45 v.521 2009
=060  14$aW1$bME9616J v.521 2009
=060  14$aQU 475$bD6291 2009
=070  1\$aQP624$b.D53 2009
=082  04$a572.8645$222
=245  00$aDNA replication$h[electronic resource] :$bmethods and protocols /$cedited by Sonya Vengrova and Jacob Z. Dalgaard.
=260  \\$a[New York?] :$bHumana ;$a[London :$bSpringer, distributor],$cc2009.
=300  \\$axiii, 692 p., [6] p. of plates :$bill. (some col.) ;$c27 cm.
=490  1\$aMethods in molecular biology,$x1064-3745 ;$v521$5FU
=490  1\$aSpringer protocols$5FU
=533  \\$aElectronic reproduction.$bNew York :$cSpringer,$d2010.$nMode of access: World Wide Web.$nSystem requirements: Web browser.$nTitle from title screen (viewed on Aug. 9, 2010).$nAccess may be restricted to users at subscribing institutions.$5FU
=504  \\$aIncludes bibliographical references and index.
=505  0\$aDNA replication initiation / Stephen J. Aves -- DNA replication fork proteins / Ulrich Hübscher -- Random and site-specific replication termination / Jacob Z. Dalgaard ... [et al.] -- Checkpoint regulation of DNA replication / Erik Boye, Henriette C. Skjølberg, and Beáta Grallert -- Introduction to molecular combing : genomics, DNA replication, and cancer / John Herrick and Aaron Bensimon -- Replication initiation point mapping : approach and implications / Sapna Das-Bradoo and Anja-Katrin Bielinsky -- Purification of restriction fragments containing replication intermediates from complex genomes for 2-D gel analysis / Larry D. Mesner, Pieter A. Dijkwel, and Joyce L. Hamlin -- Topological analysis of plasmid DNA replication intermediates using two-dimensional agarose gels / Olivier Hyrien -- Analysis of telomeric DNA replication using neutral-alkaline two-dimensional gel electrophoresis / Svetlana Makovets -- Chromatin immunoprecipitation of replication factors moving with the replication fork / Jordan B. Rapp ... [et al.] -- Density transfer as a method to analyze the progression of DNA replication forks / José Antonio Tercero -- High-resolution mapping of points of site-specific replication stalling / Sonya Vengrova and Jacob Z. Dalgaard -- DNA replication in nucleus-free xenopus egg extracts / Ronald Lebofsky, Tatsuro Takahashi, and Johannes C. Walter -- ChIP-chip to analyze the binding of replication proteins to chromatin using oligonucleotide DNA microarrays / Christopher J. Viggiani, Jennifer G. Aparicio, and Oscar M. Aparicio -- Analyzing origin activation patterns by copy number change experiments / Miruthubashini Raveendranathan and Anja-Katrin Bielinsky -- Detection of replication origins using comparative genomics and recombinational ARS assay / Conrad A. Nieduszynski and Anne D. Donaldson -- Isolation of restriction fragments containing origins of replication from complex genomes / Larry D. Mesner and Joyce L. Hamlin --$5FU
=505  0\$aApplication of alkaline sucrose gradient centrifugation in the analysis of DNA replication after DNA damage / Sascha Raschke, Jun Guan, and George Iliakis -- Isolation of recombinant DNA elongation proteins / Barbara van Loon, Elena Ferrari, and Ulrich Hübscher -- In vitro assays for studying helicase activities / Jeong-Hoon Kim and Yeon-Soo Seo -- The use of 2-aminopurine fluorescence to study DNA polymerase function / Linda J. Reha-Krantz -- Single-molecule observation of prokaryotic DNA replication / Nathan A. Tanner and Antoine M. van Oijen -- Visualization of DNA replication sites in mammalian nuclei / Daniela S. Dimitrova -- Cell-cycle synchrony for analysis of S. pombe DNA replication / Douglas D. Luche and Susan L. Forsburg -- Measuring DNA content by flow cytometry in fission yeast / Sarah A. Sabatinos and Susan L. Forsburg -- Microscopy techniques to examine DNA replication in fission yeast / Marc D. Green, Sarah A. Sabatinos, and Susan L. Forsburg -- Using the DHFR heat-inducible degron for protein inactivation in Schizosaccharomyces pombe / Stephen E. Kearsey and Juraj Gregan -- Assays used to study the DNA replication checkpoint in fission yeast / Eishi Noguchi ... [et al.] -- Incorporation of thymidine analogs for studying replication kinetics in fission yeast / Nicholas Rhind -- The fast-halo assay for the assessment of DNA damage at the single-cell level / Piero Sestili -- Monitoring homologous recombination following replication fork perturbation in the fission yeast Schizosaccharomyces pombe / Fekret Osman and Matthew C. Whitby -- Computational methods to study kinetics of DNA replication / Scott Cheng-Hsing Yang, Michel G. Gauthier, and John Bechhoefer -- Use of DNA combing to study DNA replication in Xenopus and human cell-free systems / Kathrin Marheineke ... [et al.] -- Electron microscopy methods for studying in vivo DNA replication intermediates / Massimo Lopes --$5FU
=505  0\$aDetermining the replication dynamics of specific gene loci by single-molecule analysis of replicated DNA / Agnieszka Demczuk and Paolo Norio -- Use of DNA combing for studying DNA replication in vivo in yeast and mammalian cells / Etienne Schwob ... [et al.]$5FU
=650  \0$aDNA replication$xResearch$xMethodology.
=650  12$aDNA Replication$vLaboratory Manuals.
=650  \6$aADN$xRéplication$xRecherche$xMéthodologie.
=650  \7$aADN.$2ram
=650  07$aReplikation$2swd
=650  07$aMethode$2swd
=655  \7$aElectronic books.$2local
=700  1\$aVengrova, Sonya.
=700  1\$aDalgaard, Jacob Z.
=776  1\$cOriginal$z9781603278140$z1603278141$z160327815X$z9781603278157$w(OCoLC)262719643
=710  2\$aSpringerLink (Online service)
=830  \0$aMethods in molecular biology (Clifton, N.J.) ;$v521.
=830  \0$aSpringer protocols (Series)
=856  40$uhttp://dx.doi.org/10.1007/978-1-60327-815-7$yRead this E-book$zLicensed for access by UF students, faculty, staff, and other registered users.$xSpringerLink$5FU
=951  \\$108$aUFU01:005133455;$5FU

