=LDR  06568cam a2200505Ia 4500
=001  023476874
=005  20110319112351.0
=006  m\\\\\\\\d\\\\\\\\
=007  cr\mnu
=007  cr\mnu||||||||
=008  100115s2010\\\\nyua\\\\ob\\\\001\0\eng\d
=020  \\$a9781603274180 (Springer e-ISBN)
=020  \\$a1603274189 (Springer e-ISBN)
=020  \\$z9781603274173
=020  \\$z1603274170
=035  \\$a(OCoLC)499069544
=040  \\$aCUS$cCUS$dCUV$dSCB$dGW5XE$dFUH
=050  \4$aQP624.75.D77
=060  \4$aQU 58.5
=245  00$aDrug-DNA interaction protocols$h[electronic resource] /$cedited by Keith R. Fox.
=250  \\$a2nd ed.
=260  \\$aNew York, N.Y. :$bHumana Press,$cc2010.
=300  \\$a1 online resource (xi, 318 p.) :$bill. (some col.)
=490  1\$aSpringer protocols$5FU$5FOFT
=490  1\$aMethods in molecular biology,$x1940-6029 ;$v613$5FU$5FOFT
=500  \\$aDescription based on print version record.$5FU
=504  \\$aIncludes bibliographical references and index.
=505  0\$a1. Quantitative analysis of small molecule-nucleic acid interactions with a biosensor surface and surface plasmon resonance detection / Yang Liu and W. David Wilson -- 2. Thermal melting studies of ligand DNA interactions / Aurore Guédin, Laurent Lacroix, and Jean-Louis Mergny -- 3. Circular and linear dichroism of drug-DNA systems / Alison Rodger -- 4. Drug binding to DNA-RNA hybrid structures / Richard T. Wheelhouse and Jonathan B. Chaires -- 5. Quantification of binding data using capillary electrophoresis / Fitsumbirhan Araya, Graham G. Skellern, and Roger D. Waigh -- 6. Determination of equilibrium association constants of ligand-DNA complexes by electrospray mass spectrometry / Valérie Gabelica -- 7. Detection of adriamycin-DNA adducts by accelerator mass spectrometry / Kate Coldwell ... [et al.] -- 8. Molecular modelling methods to quantitate drug-DNA interactions / Hao Wang and Charles A. Laughton -- $5FU9. Application of anomalous diffraction methods to the study of DNA and DNA-complexes / Derrick Watkins ... [et al.] -- 10. DNase I footprinting / Antonia S. Cardew and Keith R. Fox -- 11. Methods to characterize the effect of DNA-modifying compounds on nucleosomal DNA / Vidya Subramanian ... [et al.] -- 12. REPSA: combinatorial approach for identifying preferred drug-DNA binding sequences / Michael W. Van Dyke -- 13. In vitro transcription assay for resolution of drug-DNA interactions at defined DNA sequences / Benny J. Evison, Don. R. Phillips, and Suzanne M. Cutts -- 14. In virtro footprinting of promoter regions within supercoiled plasmid DNA / Daekyu Sun -- 15. Topoisomerase I-mediated DNA relaxation as a tool to study intercalation of small molecules and supercoiled DNA / Paul Peixoto ... [et al.] -- 16. A high-throughput assay for DNA topoisomerases and other enzymes based on DNA triplex formation / Matthew R. Burrell, Nicolas P. Burton and Anthony Maxwell -- $5FU17. Measurement of DNA interstrand crosslinking in individual cells using the single cell gel electrophoresis (Comet) assay / Victoria J. Spanswick, Janet M. Hartley, and John A. Hartley -- 18. Measurement of DNA interstrand crosslinking in naked DNA using Gel-based methods / Konstantinous Kiakos, Janet M. Hartley, and John A. Hartley -- 19. An evaluation cascade for G-quadruplex telomere targeting agents in human cancer cells / Mekala Gunaratnam and Stephen Neidle.$5FU$5FOFT
=505  0\$a1. Quantitative analysis of small molecule-nucleic acid interactions with a biosensor surface and surface plasmon resonance detection / Yang Liu and W. David Wilson -- 2. Thermal melting studies of ligand DNA interactions / Aurore Guédin, Laurent Lacroix, and Jean-Louis Mergny -- 3. Circular and linear dichroism of drug-DNA systems / Alison Rodger -- 4. Drug binding to DNA-RNA hybrid structures / Richard T. Wheelhouse and Jonathan B. Chaires -- 5. Quantification of binding data using capillary electrophoresis / Fitsumbirhan Araya, Graham G. Skellern, and Roger D. Waigh -- 6. Determination of equilibrium association constants of ligand-DNA complexes by electrospray mass spectrometry / Valérie Gabelica -- 7. Detection of adriamycin-DNA adducts by accelerator mass spectrometry / Kate Coldwell ... [et al.] -- 8. Molecular modelling methods to quantitate drug-DNA interactions / Hao Wang and Charles A. Laughton -- 9. Application of anomalous diffraction methods to the study of DNA and DNA-complexes / Derrick Watkins ... [et al.] -- 10. DNase I footprinting / Antonia S. Cardew and Keith R. Fox -- 11. Methods to characterize the effect of DNA-modifying compounds on nucleosomal DNA / Vidya Subramanian ... [et al.] -- 12. REPSA: combinatorial approach for identifying preferred drug-DNA binding sequences / Michael W. Van Dyke -- 13. In vitro transcription assay for resolution of drug-DNA interactions at defined DNA sequences / Benny J. Evison, Don. R. Phillips, and Suzanne M. Cutts -- 14. In virtro footprinting of promoter regions within supercoiled plasmid DNA / Daekyu Sun -- 15. Topoisomerase I-mediated DNA relaxation as a tool to study intercalation of small molecules and supercoiled DNA / Paul Peixoto ... [et al.] -- 16. A high-throughput assay for DNA topoisomerases and other enzymes based on DNA triplex formation / Matthew R. Burrell, Nicolas P. Burton and Anthony Maxwell --$5FOFT
=588  \\$aDescription based on print version record.
=650  \0$aDNA-drug interactions.
=650  \2$aDNA$xdrug effects.
=650  \2$aDNA Footprinting$xmethods.
=650  \2$aPolymerase Chain Reaction$xmethods.
=650  \2$aDNA Probes.
=650  \2$aDNA-Binding Proteins.
=700  1\$aFox, Keith R.
=776  08$iPrint version:$tDrug-DNA interaction protocols.$dNew York, N.Y. : Humana Press, 2010$z9781603274173$w(DLC) 2009939505$w(OCoLC)428030078
=830  \0$aMethods in molecular biology (Clifton, N.J.) ;$vv. 613.
=830  \0$aSpringer protocols (Series)
=856  40$uhttp://dx.doi.org/10.1007/978-1-60327-418-0$yRead this E-book$zLicensed for access by UF students, faculty, staff, and other registered users.$xSpringerLink$5FU
=856  40$yUCF: Click here for ONLINE ACCESS$uhttps://login.ezproxy.net.ucf.edu/login?url=http://www.springerprotocols.com/BookToc/doi/10.1007/978-1-60327-418-0$5FOFT$zSpringer Protocols
=856  40$yUCF: Click here for ONLINE ACCESS$uhttps://login.ezproxy.net.ucf.edu/login?url=http://www.springerprotocols.com/doiresolver?genre=book&pid=10.1007/978-1-60327-418-0$5FOFT$zSpringer Protocols
=951  \\$107$aCFU01:001969574;$5FOFT
=951  \\$108$aUFU01:005134555;$5FU

