=LDR  01437pam a2200349 a 4500
=001  023492018
=005  20120623064200.0
=008  961107s1997\\\\caua\\\\\b\\\\001|0\eng\\
=010  \\$a   96048029 
=020  \\$a1565106636 (lib. bdg. : alk. paper)
=020  \\$a1565106628 (pbk. : alk. paper)
=035  \\$a(OCoLC)35955178
=035  \\$a(AcBC)F00774508
=040  \\$aDLC$cDLC$dMLX
=043  \\$an-us---
=050  00$aHV7436$b.G868 1997
=082  00$a363.3/3/0973$221
=245  00$aGun control :$bopposing viewpoints /$cTamara L. Roleff, book editor.
=260  \\$aSan Diego, Calif. :$bGreenhaven Press,$cc1997.
=300  \\$a185 p. :$bill. ;$c23 cm.
=490  1\$aOpposing viewpoints series$5FFmFGC$5FU
=490  1\$aCurrent controversies series$5FFmFGC$5FTaSU$5FU
=504  \\$aIncludes bibliographical references and index.
=505  2\$aDoes private ownership of handguns pose a serious threat to society? -- Does the constitution protect private gun ownership? -- Is gun ownership an effective means of self-defense? -- What measures would reduce gun violence?$5FFmFGC$5FTaSU$5FU
=650  \0$aGun control$zUnited States.
=650  \0$aFirearms ownership$zUnited States.
=700  1\$aRoleff, Tamara L.,$d1959-
=830  \0$aOpposing viewpoints series (Unnumbered)
=830  \0$aCurrent controversies.
=951  \\$105$aFSU01:001774649;$5FTaSU
=951  \\$103$aGCU01:000101145;$5FFmFGC
=951  \\$108$aUFU01:002364846;$5FU

