=LDR  00851nam a2200241I  4500
=001  023511445
=005  20060320114748.0
=008  730816s1965\\\\bl\\\\\\\\\\\\000|1\por\d
=010  \\$a   65083599 
=035  \\$a(OCoLC)00679467
=040  \\$cOUN$dm/c
=050  0\$aPQ9697.G5445$bB4
=099  \\$aBr869.08$aC6913$av.83
=100  1\$aGomes, Dias,$d1922-
=245  12$aO berco do herói;$bum prólogo e dois atos$c[por] Dias Gomes. Prefácio de Paulo Francis.
=260  \\$aRio de Janeiro,$bEditôra Civilizacão Brasileira$c[1965]
=300  \\$a163 p.$c21 cm.
=490  1\$aColeçao Vera Cruz, literatura brasileira, v. 83$5FTaSU
=490  1\$aColeção Vera Cruz, literatura brasileira, v. 83$5FTS
=830  \0$aColeção Vera Cruz ;$vv. 83.
=951  \\$105$aFSU01:000137242;$5FTaSU
=951  \\$110$aSFU01:000753034;$5FTS
=951  \\$108$aUFU01:000784767;$5FU

