=LDR  01168cam a2200325I  4500
=001  023527335
=005  20120623022700.0
=008  760330s1922\\\\ne\\\\\\bb\\\\000|0\engm\
=010  \\$a   24006604 
=035  \\$a(OCoLC)02078126
=040  \\$aDLC$cSUC$dSUC$dFTU
=050  0\$aHQ1150$b.B6
=090  \\$aHQ1121$b.G47 no. 329
=092  \\$a396.1$bB781m
=100  1\$aBouten, Jacob.
=245  10$aMary Wollstonecraft and the beginnings of female emancipation in France and England,$cby J. Bouten.
=260  \\$aAmsterdam,$bH. J. Paris$c[pref.1922]
=300  \\$a2 sheets (184 p.)$c11 x 15 cm.
=490  1\$aGerritsen women's history ;$vno. 329$5FOFT
=490  1\$aGerritsen women's history, no. 329$5FMFIU
=502  \\$aAlso issued as proefschrift--Amsterdam.
=504  \\$aBibliography: p. [183]-184.
=600  10$aWollstonecraft, Mary,$d1759-1797.
=650  \0$aWomen's rights.
=650  \0$aWomen$xSocial and moral questions
=830  \0$aGerritsen collection of women's history ;$vno. 329
=830  \0$aGerritsen collection of women's history.
=951  \\$107$aCFU01:000124094;$5FOFT
=951  \\$104$aFIU01:000680265;$5FMFIU
=951  \\$108$aUFU01:000617409;$5FU

