=LDR  01328cam a2200337Ia 4500
=001  023544825
=005  20110329161233.0
=008  110127s2009\\\\ve\a\\\\\b\\\f000\0\spa\d
=020  \\$a9789803940324
=020  \\$z9803940324
=035  \\$a(OCoLC)702904598
=040  \\$aEYM$cEYM$dPIT$dFUG
=043  \\$as-ve---
=050  \4$aHC237$b.F56 2009
=100  1\$aFlores Díaz, Max.
=245  10$aEconomía política del subdesarrollo :$batención Venezuela : obra reunida /$cMax Flores Díaz ; presentación José Moreno Colmenares.
=260  \\$aCaracas :$bBanco Central de Venezuela,$c2009.
=300  \\$a439 p. :$bport. ;$c23 cm.
=490  1\$aColección Memoria de la economía venezolana.$aSerie textos pioneros$5FMFIU
=490  1\$aColección Memoria de la economía venezolana. Serie textos pioneros$5FU
=504  \\$aIncludes bibliographical references.
=650  \0$aEconomic policy.
=650  \0$aEconomic development.
=651  \0$aVenezuela$xEconomic conditions$y1958-
=651  \0$aVenezuela$xEconomic policy.
=651  \0$aLatin America$xEconomic conditions$y1945-
=651  \0$aLatin America$xEconomic policy.
=700  1\$aMoreno Colmenares, José.
=830  \0$aColección Memoria de la economía venezolana.$pSerie textos pioneros.
=951  \\$104$aFIU01:001635377;$5FMFIU
=951  \\$108$aUFU01:005198764;$5FU

