=LDR  01365cam a2200349 a 4500
=001  023560228
=005  20120623024300.0
=008  810923s1981\\\\dcu\\\\\\\\\\\000|0\eng\\
=010  \\$a   81067787 
=019  \\$a7546671
=020  \\$a0844710903 (pbk.)
=035  \\$a(OCoLC)07923810
=040  \\$aDLC$cDLC$dOCL$dFSL
=043  \\$an-us---
=050  0\$aKF5407.Z9$bA473 1980
=050  0\$aKF5407.Z9$bM23
=090  \\$aH11$b.A4 v.815
=092  \\$a300$bAm35sa, no.81-2
=110  2\$aAmerican Enterprise Institute for Public Policy Research.
=245  00$aMajor regulatory initiatives during 1980 :$bthe agencies, the courts, the Congress.
=260  \\$aWashington :$bAmerican Enterprise Institute for Public Policy Research,$cc1981.
=300  \\$aviii, 74 p. ;$c26 cm.
=440  \0$aAEI special analyses$5FMFIU
=490  1\$aAEI special analyses ; no. 81-2$5FPeU
=490  1\$aAmerican Enterprise Institute for Public Policy Research. AEI special analysis ;$v81-2$5FTaSU
=650  \0$aAdministrative law$zUnited States.
=710  2\$aAmerican Enterprise Institute for Public Policy Research.
=810  2\$aAmerican Enterprise Institute for Public Policy Research.$tPublications ;$vv. 815.
=830  \0$aAEI special analyses ;$vno. 81-2.
=951  \\$104$aFIU01:000225108;$5FMFIU
=951  \\$105$aFSU01:000589880;$5FTaSU
=951  \\$111$aWFU01:000192299;$5FPeU

