=LDR  02904nam a2200565Ka 4500
=001  023574311
=005  20110622164709.0
=006  m\\\\\\\\d\f\\\\\\
=007  cr\mn|||||||||
=008  070919s2006\\\\coua\\\\st\\\f000\0\eng\d
=035  \\$a(OCoLC)173147126
=040  \\$aSOE$cSOE$dGPO$dMvI
=074  \\$a0430-P-04 (online)
=086  0\$aE9.17:NREL/CP-520-39838 elec. ver.
=086  0\$aE 9.17:NREL/CP-520-39838
=088  \\$aNREL/CP-520-39838
=100  1\$aRoedern, Bolko G. von.
=245  10$aPolycrystalline thin-film photovoltaics$h[electronic resource] :$bfrom the laboratory to solar fields : preprint /$cB. von Roedern, H.S. Ullal, and K. Zweibel.
=246  3\$aPolycrystalline thin film photovoltaics
=256  \\$aElectronic data (1 PDF file : 666 Kb)
=260  \\$aGolden, CO :$bNational Renewable Energy Laboratory,$c[2006].
=300  \\$a4 p. :$bdigital, PDF file.
=490  0\$aNREL/CP ;$v520-39838$5FU$5FPeU$5FTaFA$5FBoU$5FTS$5FOFT$5FTaSU$5FMFIU
=490  1\$aConference paper (National Renewable Energy Laboratory (U.S.))$5FJUNF
=500  \\$a"Presented at the 2006 IEEE 4th World Conference on Photovoltaic Energy Conversion (WCPEC-4), Waikoloa, Hawaii, May 7-12, 2006."$5FU$5FPeU$5FJUNF$5FTaFA$5FBoU$5FTS$5FOFT$5FTaSU$5FMFIU
=500  \\$a"May 2006."$5FU$5FPeU$5FJUNF$5FTaFA$5FBoU$5FTS$5FOFT$5FTaSU$5FMFIU
=500  \\$aTitle from title screen (viewed Sept. 21, 2007).$5FU$5FPeU$5FJUNF$5FTaFA$5FBoU$5FTS$5FOFT$5FTaSU$5FMFIU
=520  3\$aWe review the status of commercial polycrystalline thin-film solar cells and photovoltaic (PV) modules, including current and projected commercialization activities.
=530  \\$aFull text available via Internet in .pdf format. Adobe Acrobat Reader required.$5FJUNF
=538  \\$aMode of access: Internet from the NREL web site.$5FJUNF
=538  \\$aMode of access: Internet from the NREL web site. Address as of 9/21/07: http://www.nrel.gov/docs/fy06osti/39838.pdf; current access available via PURL.$5FU$5FPeU$5FTaFA$5FBoU$5FTS$5FOFT$5FTaSU$5FMFIU
=650  \0$aPhotovoltaic cells$xResearch.
=650  \0$aSolar cells.
=650  \0$aTechnology transfer.
=650  \0$aThin films.
=700  1\$aZweibel, Kenneth.
=700  1\$aUllal, Harin S.
=710  2\$aNational Renewable Energy Laboratory (U.S.)
=830  \0$aConference paper (National Renewable Energy Laboratory (U.S.))
=856  40$uhttp://purl.access.gpo.gov/GPO/LPS86287$5FU$5FPeU$5FJUNF$5FTaFA$5FBoU$5FTS$5FOFT$5FTaSU$5FMFIU
=098  98$aE9.17:NREL/CP-520-39838 elec. ver.
=951  \\$101$aAMU01:001325042;$5FTaFA
=951  \\$107$aCFU01:001407357;$5FOFT
=951  \\$102$aFAU01:001340161;$5FBoU
=951  \\$104$aFIU01:001396631;$5FMFIU
=951  \\$105$aFSU01:002434204;$5FTaSU
=951  \\$109$aNFU01:000717030;$5FJUNF
=951  \\$110$aSFU01:001913356;$5FTS
=951  \\$108$aUFU01:003926479;$5FU
=951  \\$111$aWFU01:000733756;$5FPeU

