=LDR  02466cam a2200517Ia 4500
=001  023589904
=005  20150420172703.0
=008  750822s1930\\\\fluf\\\\\b\\\s001|1\eng\\
=010  \\$ags 30000162 
=035  \\$a(OCoLC)01562807
=040  \\$aDLC$cDZM$dFTU
=043  \\$an-us-fl
=050  0\$aQE99$b.A3 no. 3
=082  \\$a557.59
=090  \\$aQE99$b.A3 no. 3
=092  \\$a557.59$bF636g, no.3
=099  \\$aNR$a.I3:$aG4/3 & 4
=099  \9$aNR.I 3:G 4/3,8/930
=100  1\$aMansfield, Wendell C.$q(Wendell Clay),$d1874-1939.
=245  10$aMiocene gastropods and scaphopods of the Choctawhatchee formation of Florida /$cby W.C. Mansfield of the United States Geological Survey.
=260  \\$aTallahassee, Fla. :$bThe Florida Geological Survey,$c1930.
=300  \\$a185, <3> p. :$bill., plates ;$c23 cm.
=440  \0$aGeological bulletin (Tallahassee, Fla.) ;$vno. 3$5FU$5FPeU
=440  \0$aBulletin (Florida State Geological Survey) ;$vno. 3$5FTS
=490  0\$aFlorida Geological Survey bulletin,$vno. 3$5FTaSU
=490  1\$aFlorida. Geological survey. 1907- Bulletin,$vno. 3$5FOFT
=500  \\$aPublished with the permission of the director of the U.S. Geological survey.$5FU$5FOFT$5FTS$5FTaSU
=500  \\$aIncludes index.$5FU$5FOFT
=500  \\$aCopy 1 bound with: The foraminifera of the Choctawhatchee formation of Florida, by Joseph A. Cushman.$5FOFT
=500  \\$aCopy 2 bound with: Miocene pelecypods of the Choctawhatchee formation of Florida, by W. C. Mansfield.$5FOFT
=500  \\$aAt head of title: Florida State Geological Survey. Herman Gunter, state geologist.$5FU$5FOFT$5FTS$5FTaSU$5FPeU
=501  \\$aWith: Miocene pelecypods of the Choctawhatchee formation / W.C. Mansfield.$5FPeU
=504  \\$aIncludes bibilographical references and index.
=530  \\$aElectronically available on the World Wde Web as part of the Linking Florida's Natural Heritage Collection.$5FU
=650  \0$aPaleontology$zFlorida.
=650  \0$aPaleontology$yMiocene.
=650  \0$aGastropoda, Fossil.
=650  \0$aScaphopoda, Fossil.
=710  2\$aFlorida Geological Survey.
=830  \0$aBulletin (Florida State Geological Survey) ;$vno. 3.
=856  41$uhttp://ufdc.ufl.edu/UF00000437$yClick here for full text$zAlso available online
=951  \\$107$aCFU01:000224889;$5FOFT
=951  \\$105$aFSU01:000719702;$5FTaSU
=951  \\$110$aSFU01:001224361;$5FTS
=951  \\$108$aUFU01:002110793;$5FU
=951  \\$111$aWFU01:000355535;$5FPeU

