=LDR  02628cam a22005411  4500
=001  023607407
=005  20150326104005.0
=008  820626s1958\\\\nyu\\\\\\bc\\\000\0\lat\\
=010  \\$a61037793
=016  7\$a58720600R$2DNLM
=019  \\$a1378015$a317073173
=035  \\$a(OCoLC)14610562
=040  \\$aNLM$beng$cNLM$dDLC$dSNN$dNLGGC$dLVB$dCGC$dUPM$dZWZ$dOCLCO$dOCLCF$dOCLCQ$dOCLCO$dFUG
=049  \\$aFUGG
=050  00$aZ6517$b.L55 1958
=060  00$aZ 6605.L3$bL778i 1958
=082  04$a879
=084  \\$a18.46$2bcl
=092  \\$a942$bV645p no.2 1958
=100  1\$aLittle, A. G.$q(Andrew George),$d1863-1945.
=245  10$aInitia operum Latinorum,$bquae saeculis XIII, XIV, XV attribuuntur, secundum ordinem alphabeti disposita.
=260  \\$aNew York,$bFranklin$c[1958]
=300  \\$axiii, 275 pages.
=336  \\$atext$btxt$2rdacontent
=337  \\$aunmediated$bn$2rdamedia
=338  \\$avolume$bnc$2rdacarrier
=490  1\$aPublications of the University of Manchester. Historical series ;$vno. 11
=490  1\$aBurt Franklin bibliographical series ;$v7
=500  \\$aReprint. Originally published in 1904 by University Press, Manchester, England, as a title in the Publications of the University of Manchester, and as no. 2 of the University's Historical series.$5FTaSU
=500  \\$aIssued originally in 1904 as no. 11 of the Historical series of the University of Manchester Publications.
=650  \0$aLatin literature, Medieval and modern$xManuscripts$vCatalogs.
=650  \0$aLiterature, Medieval$xManuscripts$vCatalogs.
=650  \0$aManuscripts, Latin (Medieval and modern)$vCatalogs.
=650  \2$aManuscripts as Topic$vBibliography.
=650  \6$aManuscrits latins$vCatalogues.
=650  \6$aManuscrits latins$vBibliographie.
=650  \7$aLatin literature, Medieval and modern$xManuscripts.$2fast$0(OCoLC)fst00993356
=650  \7$aLiterature, Medieval$xManuscripts.$2fast$0(OCoLC)fst01000161
=650  \7$aManuscripts, Latin (Medieval and modern)$2fast$0(OCoLC)fst01008399
=650  \7$aLittérature latine médiévale et moderne$xBibliographie.$2ram
=650  \7$aManuscrits latins médiévaux et modernes$xBibliographie.$2ram
=655  \7$aCatalogs.$2fast$0(OCoLC)fst01423692
=776  08$iOnline version:$aLittle, Andrew George, 1863-$tInitia operum Latinorum.$dNew York, Franklin [1958]$w(OCoLC)609514455
=830  \0$aBurt Franklin bibliographical series ;$v7.
=830  \0$aPublications of the University of Manchester.$pHistorical series ;$vno.11.
=951  \\$102$aFAU01:000142905;$5FBoU
=951  \\$105$aFSU01:000211594;$5FTaSU
=951  \\$108$aUFU01:000752620;$5FU

