=LDR  02403pam a2200517 a 4500
=001  023625504
=005  20110309125807.0
=008  820913s1982\\\\flua\\\\\b\\\s100|0\eng\\
=010  \\$a   82017480 
=020  \\$a0813007305
=020  \\$a0813007305 (pbk.)
=035  \\$a(OCoLC)08826890
=040  \\$aDLC$cDLC$dFTU
=043  \\$an-us---
=050  0\$aHF5601$b.F57 no.12$aHF5668.15
=050  0\$aHF5668.15$b.I5 1981
=050  0\$aHF5601$b.F55 no. 12
=082  0\$a657 s$a657/.458/0973$219
=090  \\$aHF5668.15$b.I5 1981
=245  00$aInternal control and the impact of the Foreign Corrupt Practices Act /$cedited by A. Rashad Abdel-khalik.
=260  \\$aGainesville :$bUniversity Presses of Florida,$cc1982.
=300  \\$aviii, 231 p. :$bill. ;$c23 cm.
=440  \0$aAccounting series (University of Florida) ;$vno. 12$5FTS
=490  0\$aAccounting series / University of Florida ; no. 12$5FBoU
=490  1\$aAccounting series / University of Florida ;$vno. 12$5FTaSU$5FTaFA$5FPeU$5FJUNF$5FOFT$5FMFIU$5FU
=500  \\$a"A Symposium held at the University of Florida, March 1-3, 1981 cosponsored by the Accounting Research Center and the Institute of Internal Auditors."$5FTaSU$5FOFT$5FBoU$5FMFIU$5FTS
=500  \\$a"A Symposium held at the University of Florida, March 1-3, 1981 cosponsored by the Accounting Research Center and the Institute of Auditors."$5FTaFA$5FPeU$5FJUNF$5FU
=504  \\$aIncludes bibliographical references.
=650  \0$aAccounting$xLaw and legislation$zUnited States$vCongresses.
=650  \0$aAuditing, Internal$zUnited States$vCongresses.
=650  \0$aCorporations$xCorrupt practices$zUnited States$xCongresses.
=650  \0$aCorporations$zUnited States$xCorrupt practices$vCongresses.
=700  1\$aAbdel-Khalik, A. Rashad.
=710  2\$aUniversity of Florida.$bAccounting Research Center.
=710  2\$aInstitute of Internal Auditors.
=830  \0$aAccounting series (University of Florida) ;$vno. 12.
=830  \0$aUniversity of Florida accounting series ;$vno. 12.
=951  \\$101$aAMU01:000142412;$5FTaFA
=951  \\$107$aCFU01:000210831;$5FOFT
=951  \\$102$aFAU01:000234049;$5FBoU
=951  \\$104$aFIU01:000231165;$5FMFIU
=951  \\$105$aFSU01:000591864;$5FTaSU
=951  \\$109$aNFU01:000210314;$5FJUNF
=951  \\$110$aSFU01:000444827;$5FTS
=951  \\$108$aUFU01:000317507;$5FU
=951  \\$111$aWFU01:000202742;$5FPeU

