=LDR  01090ngm a2200289Ir 4500
=001  023640057
=005  20120623001600.0
=007  \c\bff||
=008  780505s1978\\\\cau055uf01001\|\\|f\eng\d
=010  \\$a   77730903 
=035  \9$a(OCoLC)03866330
=040  \\$aGYG$cGYG$dFCM
=045  \\$ax7x7
=092  \\$a610.73$bT682, Program, No.551
=245  00$aAngina pectoris and myocardial infarction.$h[Filmstrip] /$cTrainex Corp.
=260  \\$aGarden Grove, CA :$bThe Corp.,$cc1978.
=300  \\$a55 fr. :$ccol. ;$d35 mm.$e& cassette (2-track. mono. 10 min.), and instructor's guide.
=490  0\$aProgram no. 551$5FTaFA
=490  1\$aNursing perspectives$5FTaFA
=490  1\$aDisorders of the cardiovascular system--coronary artery disease ; 2$5FTaFA
=500  \\$aGuide includes bibliography.$5FTaFA
=650  \0$aAngina pectoris.
=650  \0$aCoronary heart disease.
=650  \0$aMyocardial infarction.
=830  \0$aNursing perspectives.$h[Filmstrip].
=830  \0$aDisorders of the cardiovascular system--coronary artery disease ;$v2.$h[Filmstrip].
=951  \\$101$aAMU01:000120691;$5FTaFA

