=LDR  01075nam a2200289Ii 4500
=001  023657770
=005  20061010103000.0
=008  800612s1979\\\\enk\\\\\\\\\\\000|0\eng\d
=010  \\$a   83150948 
=020  \\$a0906014018 (pbk.)
=035  \\$a(OCoLC)06414922
=040  \\$aWAU$cWAU$dFDA
=050  0\$aPA6047$b.B34 1979
=082  0\$a871/.01/09$219
=090  \\$aP11$b.C21 no. 5
=100  1\$aShackleton Bailey, D. R.$q(David Roy),$d1917-2005.
=245  10$aTowards a text of 'Anthologia latina' /$cby D. R. Shackleton Bailey.
=260  \\$aCambridge :$bCambridge Philological Society,$c1979.
=300  \\$a75 p. ;$c22 cm.
=490  0\$aCambridge Philological Society. Supplementary volume; no. 5$5FTaSU
=490  1\$aSupplementary volume / Cambridge Philological Society ;$vno. 5$5FU
=630  00$aAnthologia latina$xCriticism, Textual.
=650  \0$aLatin poetry$xCriticism, Textual.
=730  0\$aAnthologia Latina.
=830  \0$aSupplementary volume (Cambridge Philological Society) ;$vno. 5.
=951  \\$105$aFSU01:000439416;$5FTaSU
=951  \\$108$aUFU01:001088399;$5FU

