=LDR  02457cam a2200325 a 4500
=001  023673780
=005  20041117154022.0
=008  030414s2002\\\\cu\\\\\\\\\\\\000|jdspa\c
=010  \\$a  2003448675
=020  \\$a9591007418
=035  \\$a(OCoLC)52050737
=040  \\$aCOD$cCOD$dFUG
=042  \\$apcc
=043  \\$anwcu---
=050  00$aPQ7386$b.I88 2002
=245  00$aIsla tan dulce y otras historias :$bcuentos cubanos de la diáspora /$cselección y notas de Carlos Espinosa ; introducción de Francisco López Sacha.
=246  30$aCuentos cubanos de la diáspora
=260  \\$aLa Habana, Cuba :$bEditorial Letras Cubanas,$c2002.
=300  \\$a257 p. ;$c19 cm.
=490  0\$aEl cuento$5FMFIU
=490  0\$aCuento$5FU
=505  0\$aAquí, allá y dondequiera / Francisco López Sacha -- Solo en Francfort / Severo Sarduy -- Con los cartuchos contados / Fausto Masó -- El edificio / Lorenzo García Vega -- El esplendor de la entrada / José Antonio Arcocha -- Rodrigo de Triana / Lourdes Casal -- Las moscas / Manuel Cachán -- Y de pronto un viernes / Uva de Aragón -- Hologramas / Roberto G. Fernández -- Isla tan dulce / Julio E. Miranda -- En misión / Luis Marcelino Gómez -- El Winchester de Durero / Rafael Zequeira Ramírez -- Dorso de diamante / Mayra Montero -- Afuera / Rolando D.H. Morelli -- Él / Lourdes Tomás -- Ante todo, hombre de familia / Achy Obejas -- La gloria eres tú / Jorge Luis Llópiz -- Lo más sublime / Enrique del Risco.$5FU
=505  0\$aSolo en Francfort / Severo Sarduy -- Con los cartuchos contados / Fausto Masó -- El edificio / Lorenzo García Vega -- El esplendor de la entrada / José Antonio Arcocha -- Rodrigo de Triana / Lourdes Casal -- Las moscas / Manuel Cachán -- Y de pronto un viernes / Uva de Aragón -- Hologramas / Roberto G. Fernández -- Isla tan dulce / Julio E. Miranda -- En misión / Luis Marcelino Gómez -- El Winchester de Durero / Rafael Zequeira Ramírez -- Dorso de diamante / Mayra Montero -- Afuera / Rolando D.H. Morelli -- El / Lourdes Tomás -- Ante todo, hombre de familia / Achy Obejas -- La gloria eres tú / Jorge Luis Llópiz -- Lo más sublime / Enrique del Risco.$5FMFIU
=650  \0$aCuban fiction$y20th century.
=650  \0$aShort stories, Cuban.
=650  \0$aShort stories, Cuban$y20th century.
=700  1\$aEspinosa Domínguez, Carlos.
=700  1\$aLópez Sacha, Francisco,$d1950-
=951  \\$104$aFIU01:001086810;$5FMFIU
=951  \\$108$aUFU01:002888524;$5FU

