=LDR  01075cam a2200301   4500
=001  023691342
=005  20120623064300.0
=008  690317s1969\\\\nju\\\\\\\\\\\000|0\engm\
=010  \\$a   77076567 //r85
=035  \\$a(OCoLC)00008762
=040  \\$aDLC$cDLC
=050  0\$aHG136$b.P7 no. 71
=082  0\$a332.1/52
=092  \\$a332.082$bP957e, no.71
=100  1\$aAubrey, Henry G.
=245  10$aBehind the veil of international money$c[by] Henry G. Aubrey.
=260  \\$aPrinceton, N.J.,$bPrinceton University, International Finance Section$c[1969]
=300  \\$a37 p.$c23 cm.
=440  \0$aEssays in international finance,$vno. 71$5FU
=490  0\$aEssays in international finance, no. 71$5FTaSU
=490  1\$aEssays in international finance,$vno. 71$5FTS
=650  \0$aBalance of payments$zUnited States.
=650  \0$aInternational finance.
=651  \0$aUnited States$xForeign economic relations.
=830  \0$aEssays in international finance ;$vno. 71.
=951  \\$105$aFSU01:000729987;$5FTaSU
=951  \\$110$aSFU01:001113218;$5FTS
=951  \\$108$aUFU01:000853972;$5FU

