=LDR  00958nam a2200289   4500
=001  023704750
=005  20120623001800.0
=008  750213s1974\\\\fr\\\\\\\b\\\\000|0\fre\\
=010  \\$a75500507  
=015  \\$aF***
=020  \\$a271690006X :$c18.00F
=035  \\$a(OCoLC)01258004
=040  \\$aDLC$cDLC$dFUG
=050  0\$aPQ2130$b.H28
=082  0\$a848/.5/09
=092  \\$a848.5$bV935Yha
=100  1\$aHadidi, Djavâd.
=245  10$aVoltaire et l'Islam /$cDjavâd Hadidi ; préf. par Étiemble.
=260  \\$aParis :$bAssociation Langues et civilisations,$c1974.
=300  \\$a262 p. ;$c18 cm.
=490  0\$aLangues et civilisations : Littérature$5FU
=490  0\$aPublications orientalistes de France : Collection Études ; 806$5FU
=500  \\$aOriginally presented as the author's thesis, Paris.$5FU
=504  \\$aBibliography: p. 243-252.
=600  10$aVoltaire,$d1694-1778$xReligion and ethics.
=650  \0$aIslam.
=951  \\$108$aUFU01:000109102;$5FU

