=LDR  01816cam a2200481 a 4500
=001  023723287
=005  20110909141102.0
=008  960919s1997\\\\oncab\\\\b\\\\000|0aeng\d
=010  \\$acn 96931983 
=015  \\$aC96-931983-5
=020  \\$a0889202923 (pbk. with French flaps)
=020  \\$a0889202818 :$c{dollar}24.95
=035  \\$a(OCoLC)36044598
=040  \\$aCaOTU$beng$cNLC$dOCL$dDGU$dFTU
=043  \\$ae-hu---$ae-pl---
=082  00$a940.53/18/092$221
=090  \\$aDS135.H93$bR33 1997
=100  1\$aRaab, Elisabeth M.,$d1921-
=245  10$aAnd peace never came /$cElisabeth M. Raab.
=260  \\$aWaterloo, Ont. :$bWilfrid Laurier University Press,$cc1997.
=300  \\$aix, 196 p. :$bill. ;$c23 cm.
=440  \0$aLife writing series ;$v3$5FTS$5FTaSU$5FMFIU
=490  0\$aLife writing ;$v3$5FBoU$5FOFT$5FJUNF
=490  1\$aLife writing series ;$v3$5FU
=504  \\$aIncludes bibliographical references.
=600  10$aRaab, Elisabeth M.,$d1921-
=610  20$aAuschwitz (Concentration camp)
=650  \0$aHolocaust, Jewish (1939-1945)$zHungary$vPersonal narratives.
=650  \0$aJews$zHungary$xBiography.
=650  \0$aHolocaust survivors$zCanada$xBiography.
=650  \6$aAuschwitz (Pologne : Camp de concentration)
=650  \6$aJuifs$xExtermination (1939-1945)$zHongrois$xRécits personnels.
=650  \6$aJuifs$zHongrie$xBiographies.
=650  \6$aSurvivants de l'Holocauste$zCanada$xBiographies.
=710  2\$aHolocaust and Genocide Studies Collection. $5FTS
=830  \0$aLife writing series ;$v3.
=951  \\$107$aCFU01:000720875;$5FOFT
=951  \\$102$aFAU01:000687291;$5FBoU
=951  \\$104$aFIU01:000689691;$5FMFIU
=951  \\$105$aFSU01:001643182;$5FTaSU
=951  \\$109$aNFU01:000436178;$5FJUNF
=951  \\$110$aSFU01:001114207;$5FTS
=951  \\$108$aUFU01:002294281;$5FU

