=LDR  00727nam a2200217Ii 4500
=001  023739129
=005  20120623001900.0
=008  760823s1886\\\\enk\\\\\b\\\\\000|0\eng\d
=035  \\$a(OCoLC)02391092
=040  \\$aGUA$cGUA$dFTU
=090  \\$aHQ1121$b.G47 no. 541
=100  1\$aClarke, Eliza.
=245  10$aSusanna Wesley.
=260  \\$aLondon,$bW. H. Allen,$c1886.
=300  \\$a3 sheets (vi, 239 p.)$c11 x 15 cm.
=490  1\$aGerritsen women's history ;$vno. 541$5FOFT
=490  0\$aEminent women series$5FOFT
=500  \\$a"List of authorities": [1] p. following contents.$5FOFT
=600  10$aWesley, Susanna (Annesley)$d1669-1742?
=830  \0$aGerritsen collection of women's history ;$vno. 541
=951  \\$107$aCFU01:000130922;$5FOFT

