=LDR  02480cam a2200373 a 4500
=001  023751926
=005  20091104160354.0
=008  090123s2008\\\\ck\a\\\\\b\\\\000\0\spa\c
=010  \\$a2009458917
=020  \\$a9789586651196
=020  \\$a9586651193
=035  \\$a(OCoLC)299170170
=040  \\$aTJC$cTJC$dDLC$dFUG
=042  \\$apcc
=043  \\$acl-----
=050  00$aHC130.P6$bP77 2008
=245  00$aProducción de pobreza y desigualdad en América Latina /$cAlberto D. Cimadamore y Antonio David Cattani, coordinadores.
=260  \\$aBogotá, D.C., Colombia :$bSiglo del Hombre Editores ;$aCiudad Autónoma de Buenos Aires, Argentina :$bCLACSO ;$aBergen, Noruega :$bCROP,$c2008.
=300  \\$a231 p. :$bill. ;$c24 cm.
=490  1\$aBiblioteca universitaria. Ciencias sociales y humanidades. Temas para el diálogo y el debate$5FU
=490  1\$aColección CLACSO-CROP$5FU
=504  \\$aIncludes bibliographical references.
=505  0\$aLa construcción de la pobreza y la desigualdad en América Latina : una introducción / Alberto D. Cimadamore y Antonio David Cattani -- Las políticas de producción de pobreza : construyendo enfoques teóricos integrados / Alberto D. Cimadamore -- Producción de pobreza y construcción de subjetividad / Susana Murillo -- La producción de la pobreza masiva y su persistencia en el pensamiento social latinoamericano / Sonia Álvarez Leguizamón -- Instituciones del Estado y producción y reproducción de la desigualdad en América Latina / Laura Mota Díaz -- Prácticas gubernamentales en la regulación de poblaciones extinguibles / Alberto L. Bialakowsky, Ana L. López y M. Mercedes Patrouilleau -- La desconstrucción del trabajo y la expolosión del desempleo estructural y de la pobreza en Brasil / Ricardo Antunes y Marcio Pochmann -- Riqueza sustantiva y relacional : un enfoque diferenciado para el análisis de las desigualdades en América Latina / Antonio David Cattani.$5FU
=650  \0$aPoverty$zLatin America.
=650  \0$aPoverty$xGovernment policy$zLatin America.
=650  \0$aIncome distribution$zLatin America.
=650  \0$aEquality$zLatin America.
=651  \0$aLatin America$xEconomic policy.
=651  \0$aLatin America$xSocial policy.
=700  1\$aCimadamore, Alberto D.
=700  1\$aCattani, Antonio David.
=830  \0$aBiblioteca Universitaria.$pCiencias sociales y humanidades.$pTemas para el diálogo y el debate.
=830  \0$aColección CLACSO-CROP.
=951  \\$108$aUFU01:004739364;$5FU

