=LDR  01421nam a2200349Ii 4500
=001  023764397
=005  20121219165227.0
=008  760916s1976\\\\dcua\\\\\\\\\f001|0\engmd
=019  \\$a2434469
=020  \\$bcloth :$c{dollar}5.10
=035  \\$a(OCoLC)02819586
=037  \\$a044-000-01608-7
=040  \\$aTLM$cTLM$dFTU
=043  \\$an-us---
=074  \\$a863
=086  0\$aS 1.69:153
=099  \\$aS 1.69:$a153
=110  1\$aUnited States.$bPassport Office.
=245  14$aThe United States passport :$bpast, present, future /$cPassport Office, Dept. of State.
=260  \\$aWashington, D.C. :$bThe Office ; for sale by the Supt. of Docs., U.S. Govt. Print. Off.,$c1976.
=300  \\$axiii, 242 p. :$bill. ;$c24 cm.
=440  \0$aDepartment of State publication.$pDepartment and Foreign Service series ;$vno. 153$5FU
=490  1\$aUnited States. Dept. of State. Publication ; 8851 : United States. Dept. of State. Department and Foreign Service series ; 153$5FOFT
=490  1\$aDepartment of State publication ; 8851$5FU
=500  \\$aIncludes index.$5FOFT
=500  \\$aIncludes bibliographical references and index.$5FU
=650  \0$aPassports$zUnited States.
=700  1\$aKnight, Frances G.
=830  \0$aDepartment of State publication.$pDepartment and Foreign Service series ;$v153.
=830  \0$aDepartment of State publication ;$v8851.
=951  \\$107$aCFU01:000131779;$5FOFT
=951  \\$108$aUFU01:001161305;$5FU

