=LDR  01346nam a2200325I  4500
=001  023778058
=005  20080501153847.0
=008  760329s1918\\\\wiu\\\\\\\\\\\001\0\eng\\
=010  \\$a18027430
=035  \\$a(OCoLC)02076053
=040  \\$aDLC$cNAM$dFUG
=050  0\$aPN35$b.W65 no. 1
=090  \\$aPS85$b.C2
=090  \\$aPS159.G8$bC3
=100  1\$aCairns, William B.,$d1867-1932.
=245  10$aBritish criticisms of American writings, 1783-1815,$ba contribution to the study of Anglo-American literary relationships$c[by] William B. Cairns.
=260  \\$aMadison,$c1918.
=300  \\$a97 p.$c25 cm.
=440  \0$aUniversity of Wisconsin studies in language and literature ;$vno. 1$5FTaSU
=490  0\$aUniversity of Wisconsin studies in language and literature, no. 1$5FBoU
=490  0\$aUniversity of Wisconsin studies in language and literature,$vno. 1$5FU
=504  \\$aIncludes bibliographical references.
=650  \0$aAmerican literature$y1783-1850$xHistory and criticism.
=650  \0$aLiterature, Comparative$xAmerican and English.
=650  \0$aLiterature, Comparative$xEnglish and American.
=650  \0$aComparative literature$xAmerican and English.
=650  \0$aComparative literature$xEnglish and American.
=951  \\$102$aFAU01:000164650;$5FBoU
=951  \\$105$aFSU01:000265224;$5FTaSU
=951  \\$108$aUFU01:000610596;$5FU

