=LDR  01515cam a2200361Ki 4500
=001  023795290
=005  20110609155939.0
=008  800529s1980\\\\flub\\\\\b\\\\000\0\eng\d
=035  \\$a001598179
=035  \\$a(OCoLC)06369856
=040  \\$aAGL$cAGL
=072  \\$aE200
=099  \\$aFla-Doc$aUF/FO3.$aE25$a126
=100  1\$aMelton, Bryan E.$q(Bryan Edwin)
=245  12$aA users manual for the FARM Systems Lab crop budget generator /$cBryan E. Melton.
=260  \\$aGainesville <Fla.> :$bFood and Resource Economics Dept. University Florida,$c1980.
=300  \\$aiii, 53 p. :$bmap ;$c28 cm.
=490  0\$aEconomic information report ;$v126$5FTaSU
=490  0\$aFlorida. University. Food and Resource Economic Dept. Economic information report ; 126$5FU$5FTS$5FJUNF
=500  \\$a"February 1980"$5FTS
=500  \\$aCover title.$5FU$5FTS$5FTaSU$5FJUNF
=504  \\$aBibliography: p. 16.
=530  \\$aElectronic reproduction of copy from George A. Smathers Libraries, University of Florida also available.$5FU
=650  \0$aFarms$xEconomic aspects$zFlorida.
=650  \0$aAgriculture$xEconomic aspects$zFLorida.
=830  \0$aEconomic information report (Gainesville, Fla.)
=830  \0$aEconomic information report (Gainesville, Fla.) ;$v126.
=856  4\$yClick here for full text$uhttp://ufdc.ufl.edu/UF00026465$5FU
=098  97$aUF.P3:E25/126
=951  \\$105$aFSU01:001231622;$5FTaSU
=951  \\$109$aNFU01:000301551;$5FJUNF
=951  \\$110$aSFU01:000754731;$5FTS
=951  \\$108$aUFU01:001598179;$5FU

