=LDR  00948nam a2200277   4500
=001  023812323
=005  20120623021300.0
=008  750212s1973\\\\ke\b\\\\\b\\\\000|0\eng\\
=010  \\$a74185013  
=035  \\$a(OCoLC)01340917
=040  \\$aDLC$cDLC$dFUG
=043  \\$afe-----
=050  0\$aHF3899.E3$bS95
=082  0\$a382/.0967
=092  \\$a967.8008$bH673p, no.11
=100  1\$aSutton, John Edward Giles.
=245  10$aEarly trade in eastern Africa$c[by] J. E. G. Sutton.
=260  \\$a[Nairobi]$bEast African Pub. House$c[1973]
=300  \\$a42 p.$bmap.$c22 cm.
=490  1\$aHistorical Association of Tanzania. Paper, no. 11$5FU
=490  1\$aHistorical Association of Tanzania. Paper$vno. 11$5FTaSU
=504  \\$aIncludes bibliographical references.
=651  \0$aAfrica, Eastern$xCommerce$xHistory.
=830  \0$aPaper (Historical Association of Tanzania) ;$vno. 11
=951  \\$105$aFSU01:000207845;$5FTaSU
=951  \\$108$aUFU01:000112671;$5FU

