=LDR  01812nam a2200397I  4500
=001  023830101
=005  20110902114333.0
=008  760910t19681957nju\\\\\\b\\\\001\0\eng\d
=016  7\$aCAT10679608$2DNAL
=035  \\$a(OCoLC)02422309
=040  \\$aDGU$cDGU$dm.c.$dFNP
=043  \\$aln-----
=070  0\$aJX1954.P6
=072  \0$aX800
=090  \\$aJX1954$b.D46 1968
=090  \\$aJZ5566$b.P65 1968
=100  1\$aDeutsch, Karl Wolfgang,$d1912-1992.
=245  00$aPolitical community and the North Atlantic area :$binternational organization in the light of historical experience /$cby Karl W. Deutsch ... [et al.]
=250  \\$a1st Princeton paperback ed.
=260  \\$aPrinceton :$bPrinceton University Press,$c1968, c1957.
=300  \\$axiii, 227 p. ;$c20 cm.
=490  0\$aPrinceton paperbacks$5FJUNF
=490  1\$aPublication (Princeton University. Center for Research on World Political Institutions)$5FJUNF
=490  1\$aPublications of the Center for Research on World Political Institutions$5FU$5FMFIU
=504  \\$aIncludes bibliographical references and index.
=650  \0$aInternational organization.
=650  \6$aOrganisation internationale.
=651  \0$aNorth Atlantic Region.
=651  \6$aAtlantique Nord, Région de l'
=700  1\$aDeutsch, Karl W.$q(Karl Wolfgang),$d1912-1992.
=810  2\$aPrinceton University.$bCenter for Research on World Political Institutions.$tPublication.
=830  \0$aPublication (Princeton University. Center for Research on World Political Institutions)
=830  \0$aPublication of the Center for Research on World Political Institutions in the Woodrow Wilson School of Public and International Affairs, Princeton University
=951  \\$104$aFIU01:001356178;$5FMFIU
=951  \\$109$aNFU01:000145121;$5FJUNF
=951  \\$108$aUFU01:000252934;$5FU

