=LDR  01731nam a2200421Ia 4500
=001  023848212
=005  20120623043800.0
=008  970617s1997\\\\vauab\\\\\\\\f001|0\eng\d
=019  \\$a37136453
=020  \\$c{dollar}7.80
=035  \\$a(OCoLC)38132827
=037  \\$a008-021-00085-6$bGPO
=040  \\$aGPO$cGPO
=043  \\$an-us-nc
=074  \\$a0340
=086  0\$aD 103.8:12/997
=088  \\$aNDC 97-P-2
=245  04$aThe ports of Wilmington and Morehead City, North Carolina /$cprepared by Navigation Data Center ; U.S. Army Corps of Engineers, Water Resources Support Center.
=250  \\$aRev. 1997.
=260  \\$a[Fort Belvoir, Va.?] :$bThe Corps ;$aAlexandria, Va. :$bFor sale by Navigation Data Center ;$aWashington, DC :$bU.S. G.P.O. [distributor],$c1997.
=300  \\$avi, 79 p. :$bill., maps ;$c28 cm.
=490  1\$aPort series ;$vno. 12$5FBoU$5FTaSU$5FFmFGC$5FU
=490  1\$aNDC ;$v97-P-2$5FTaSU
=500  \\$a"Supersedes a similar report revised in 1987."$5FBoU$5FTaSU$5FFmFGC$5FU
=500  \\$aShipping list no.: 97-0253-P.$5FBoU$5FTaSU$5FFmFGC$5FU
=500  \\$aTwo folded maps in pocket.$5FBoU$5FTaSU$5FFmFGC$5FU
=500  \\$aIncludes index.$5FBoU$5FTaSU$5FFmFGC$5FU
=500  \\$a"NDC 97-P-2"--Cover.$5FBoU$5FFmFGC$5FU
=650  \0$aHarbors$zNorth Carolina$zMorehead City.
=650  \0$aHarbors$zNorth Carolina$zWilmington.
=710  2\$aNavigation Data Center (U.S.)
=710  2\$aWater Resources Support Center (U.S.)
=830  \0$aPort series (United States. Army. Corps of Engineers) ;$vno. 12.
=830  \0$aNDC (Series) ;$v97-P-2.
=951  \\$102$aFAU01:000622302;$5FBoU
=951  \\$105$aFSU01:001635048;$5FTaSU
=951  \\$103$aGCU01:000161162;$5FFmFGC
=951  \\$108$aUFU01:002275377;$5FU

