=LDR  01004nam a2200289Ii 4500
=001  023864730
=005  20120623002300.0
=008  750910s1974\\\\\\\\\\\\\\\\\\000|0\eng\\
=010  \\$a   74623605 
=035  \\$a(OCoLC)01614595
=040  \\$aDLC$cBUF$dFGM
=050  0\$aE99.E7$bJ64
=082  0\$a639/.2/009798
=100  1\$aJosephson, Karla.
=245  10$aUse of the sea by Alaska natives :$ba historical perspective /$cby Karla Josephson.
=260  \\$aAnchorage :$bArctic Environmental Information and Data Center, University of Alaska,$c1974.
=300  \\$avii, 95 p. :$bill. ;$c28 cm
=490  0\$aAlaska and the law of the sea$5FBoU
=490  0\$aAlaska sea grant report ; no. 73-11$5FBoU
=504  \\$aBibliography: p. 92-94.
=650  \0$aEskimos$xFishing.
=650  \0$aIndians of North America$zAlaska$xFishing.
=650  \0$aAleuts$xFishing.
=650  \0$aEskimos$xBoats.
=650  \0$aIndians of North America$zAlaska$xBoats.
=650  \0$aAleuts$xBoats.
=951  \\$102$aFAU01:000151800;$5FBoU

