=LDR  01196cam a2200325I  4500
=001  023880552
=005  20090810093515.0
=008  741121s1956\\\\enka\\\\\b\\\f001|0\eng\\
=010  \\$a   57032205 
=035  \\$a(OCoLC)01082556
=040  \\$aDLC$cSNN$dSER$dFDA
=050  0\$aZ2009$b.G7 1956
=050  00$aZ2009$b.G7
=090  \\$aZ2009$b.G7
=099  \\$a328.4204$aC786d$ano.2
=110  1\$aGreat Britain.$bParliament.$bHouse of Commons.$bLibrary.
=245  12$aA bibliography of parliamentary debates of Great Britain.
=260  \\$aLondon, :$bH.M. Stationery Off.,$c1956.
=300  \\$a62 p. :$bcol. illus. ;$c25 cm.
=490  0\$aDocument$vno. 2$5FTaSU
=490  0\$aGreat Britain. Parliament. House of Commons. Library. Document, no. 2$5FU
=490  1\$aIts Document,$vno. 2$5FTS
=500  \\$aClassified, annotated, with index.$5FU$5FTS$5FTaSU
=500  \\$aCover title.$5FU$5FTS$5FTaSU
=610  10$aGreat Britain.$bParliament$vBibliography.
=651  \0$aGreat Britain$xGovernment publications$vBibliography.
=830  \0$aHouse of Commons Library document,$vno. 2
=951  \\$105$aFSU01:001367385;$5FTaSU
=951  \\$110$aSFU01:000191170;$5FTS
=951  \\$108$aUFU01:001094878;$5FU

