=LDR  01259pam a2200373 i 4500
=001  023897027
=005  20110318094040.0
=008  770707s1977\\\\oku\\\\\\b\\\\000|0\eng\\
=010  \\$a   77022891 
=020  \\$c{dollar}5.00
=020  \\$a0917706021 :$c{dollar}5.00
=035  \\$a(OCoLC)03167992
=040  \\$aDLC$cDLC$dFHM
=050  0\$aLB1043$b.S46
=082  0\$a371.3/078
=090  \\$aLB1043$b.S46
=100  1\$aShores, Louis,$d1904-1981.
=245  14$aThe generic book :$bwhat it is and how it works /$cby Louis Shores.
=260  \\$aNorman, Okla. :$bLibrary-College Associates,$c1977.
=300  \\$axi, 164 p. ;$c18 cm.
=440  \0$aLearning for living series ;$vno. 2$5FTS
=490  0\$aLearning for living series ; no. 2$5FOFT
=490  0\$aLearning for living series$5FPeU$5FTaSU
=504  \\$aBibliography: p. 160-164.
=650  \0$aAudio-visual education.
=650  \0$aInstructional materials centers.
=650  \0$aCommunication in education.
=650  \0$aIndividualized instruction.
=650  \0$aTeaching$xAids and devices.
=830  \0$aLearning for living series (Norman, Okla.)
=951  \\$107$aCFU01:000145535;$5FOFT
=951  \\$105$aFSU01:000327077;$5FTaSU
=951  \\$110$aSFU01:000292616;$5FTS
=951  \\$111$aWFU01:000152798;$5FPeU

