=LDR  01796pam a2200433 a 4500
=001  023913399
=005  20140411112400.0
=008  900927s1991\\\\nyuab\\\\b\\\\101|0\eng\\
=010  \\$a   90019444 
=015  \\$aGB91-30415
=020  \\$a0306436450
=035  \\$a(OCoLC)22544054
=040  \\$aDLC$cDLC
=050  00$aCC72.4$b.I57 1991
=082  00$a930.1$220
=245  04$aThe Interpretation of archaeological spatial patterning /$cedited by Ellen M. Kroll and T. Douglas Price.
=260  \\$aNew York :$bPlenum Press,$cc1991.
=300  \\$axiii, 315 p. :$bill., maps ;$c24 cm.
=440  \0$aInterdisciplinary contributions to archaeology$5FTaSU$5FU$5FTS$5FPeU$5FMFIU
=440  \0$aLanguage of science$5FTS
=440  \4$aThe Language of science$5FTaSU$5FU$5FPeU$5FMFIU
=490  0\$aThe Language of science$5FBoU
=490  0\$aInterdisciplinary contributions to archaeology$5FBoU
=500  \\$aPapers presented at a symposium organized at the 52nd Annual Meeting of the Society for American Archaeology held in May 1987 in Toronto, Ont.$5FTaSU$5FU$5FTS$5FBoU$5FPeU$5FMFIU
=504  \\$aIncludes bibliographical references and index.
=650  \0$aSocial archaeology$xCongresses.
=650  \0$aExcavations (Archaeology)$xCongresses.
=650  \0$aSpatial behavior$xHistory$xCongresses.
=650  \0$aEthnoarchaeology$xCongresses.
=653  \\$aArchaeology
=700  1\$aPrice, T. Douglas$q(Theron Douglas)
=700  1\$aKroll, Ellen M.
=710  2\$aSociety for American Archaeology.$bAnnual Meeting$n(52nd :$d1987 :$cToronto, Ont.)
=951  \\$102$aFAU01:000424640;$5FBoU
=951  \\$104$aFIU01:000461480;$5FMFIU
=951  \\$105$aFSU01:001112268;$5FTaSU
=951  \\$110$aSFU01:000852635;$5FTS
=951  \\$108$aUFU01:001612271;$5FU
=951  \\$111$aWFU01:000472305;$5FPeU

