=LDR  00957aam a2200313 a 4500
=001  023931091
=005  20101007182613.0
=008  931110s1993\\\\cu\\\\\\\\\\\\000|0\spa\d
=010  \\$a   95224619 
=020  \\$a959100057X
=020  \\$z959100057x :$c{dollar}8.90(pbk.)
=035  \\$a(OCoLC)29292776
=040  \\$aDLC$cDLC$dFXG
=043  \\$anwcu
=050  00$aPQ7389.N58$bN8 1993
=100  1\$aVitier, Cintio,$d1921-2009.
=245  10$aNupcias /$cCintio Vitier.
=260  \\$aLa Habana, Cuba :$bEditorial Letras Cubanas,$cc1993.
=300  \\$a214 p. ;$c19 cm.
=490  0\$aGiraldilla$5FMFIU$5FTS
=490  1\$aPoesía$5FMFIU$5FTS$5FU
=650  \0$aPoets, Cuban.
=650  \7$aPoetas cubanos.$2bidex
=653  \\$aPoesía cubana$aSiglo XX.
=653  \\$aLiteratura cubana$aPoesía$aSiglo XX.
=830  \0$aPoesía (Editorial Letras Cubanas)
=951  \\$104$aFIU01:000611050;$5FMFIU
=951  \\$110$aSFU01:001422883;$5FTS
=951  \\$108$aUFU01:001964287;$5FU

