=LDR  01190cam a2200349Ii 4500
=001  023950341
=005  20120623050600.0
=008  780828s1976\\\\sp\af\\\\b\\\\000|0\spa\\
=010  \\$a   78359684 
=015  \\$aSp***
=020  \\$a847148028X :$c{dollar}4.80
=020  \\$a847148028X
=035  \\$a(OCoLC)03300404
=040  \\$aIQU$cIQU$dFWA
=043  \\$ae-sp---
=050  0\$aDP302.B467$bC37
=090  \\$aDP302.B46$bC37 no.7
=100  1\$aCaro Baroja, Julio.
=245  10$aBaile, familia, trabajo /$cJulio Caro Baroja.
=260  \\$aSan Sebastián :$bEditorial Txertoa,$c1976.
=300  \\$a190 p., [4] leaves of plates :$bill. ;$c20 cm.
=490  0\$aEditorial Txertoa [Publicaciones] ; 25$5FPeU
=490  0\$a[Publicaciones] - Editorial Txertoa ; no. 25$5FTaSU
=490  1\$aHis Estudios vascos ; 7$5FPeU
=490  1\$aHis Estudios vascos ;$v7$5FTaSU
=504  \\$aIncludes bibliographical references.
=650  \0$aFolk dancing, Basque.
=651  \0$aBasque Provinces$xSocial conditions.
=651  \0$aBasque Provinces$xSocial life and customs
=800  2\$aCaro Baroja, Julio.$tEstudios vascos ;$v7.
=951  \\$105$aFSU01:000334196;$5FTaSU
=951  \\$111$aWFU01:000154694;$5FPeU

