=LDR  01519cam a2200349 a 4500
=001  023965258
=005  20110323123943.0
=008  730102s1972\\\\dcua\\\\\b\\\f000\0\eng\\
=010  \\$a72600023
=035  \\$a(OCoLC)00549119
=040  \\$aDLC$cDLC$dBTCTA$dUBY$dFUG
=043  \\$an-us-wy
=050  00$aQE696$b.C546
=082  00$a551.7/9
=086  0\$aI 19.16:729-B
=100  1\$aChristiansen, Robert L.
=245  10$aVolcanic stratigraphy of the Quaternary rhyolite plateau in Yellowstone National Park /$cby Robert L. Christiansen and H. Richard Blank, Jr.
=260  \\$aWashington :$bU.S. G.P.O.,$c1972.
=300  \\$av, 18 p. :$bill. ;$c29 cm.
=490  1\$aGeology of Yellowstone National Park$5FU
=490  1\$aGeological Survey professional paper ;$v729-B$5FU
=500  \\$a"Nomenclature for Quaternary volcanic rocks of the Yellowstone rhyolite plateau is based upon recognition of three successive cycles of volcanism, only two of which are identified within the national park." --t.p.$5FJUNF
=504  \\$aIncludes bibliographical references (p. 18).
=650  \0$aGeology, Stratigraphic$yQuaternary.
=650  \0$aVolcanism$zYellowstone National Park.
=700  1\$aBlank, H. Richard$q(Horace Richard),$d1929-$ejoint author.
=700  1\$aBlank, H. Richard$q(Horace Richard),$d1929-
=830  \0$aGeology of Yellowstone National Park.
=830  \0$aGeological Survey professional paper ;$v729-B.
=098  98$aI19.16:729-B
=951  \\$109$aNFU01:000607922;$5FJUNF
=951  \\$108$aUFU01:005178827;$5FU

