=LDR  01269nam a2200373 p 4500
=001  023982909
=005  20110513120711.0
=008  770113s1976\\\\ne\\\\\\\b\\\\000|0\eng\\
=010  \\$a   76489176 
=015  \\$aNe76-44
=020  \\$a9060320700 :$cfl 31.20
=035  \\$a(OCoLC)02837868
=040  \\$aDLC$cDLC$dFDA
=041  1\$aengrus
=050  0\$aB4377$b.B9413
=090  \\$aB4377$b.B9413
=099  \\$aB$a4377$a.B9413
=100  1\$aBykhovskiĭ, B. Ė.$q(Bernard Ėmmanuilovich),$d1898-1980.
=240  10$aKʹerkegor.$lEnglish
=245  00$aKierkegaard /$cby Bernard Bykhovskii ; translated by Henry F. Mins.
=260  \\$aAmsterdam :$bGrüner,$c1976.
=300  \\$aix, 122 p. ;$c24 cm.
=440  \0$aPhilosophical currents ;$vv. 16$5FU$5FTS$5FTaSU
=490  0\$aPhilosophical currents ; v. 16$5FBoU
=490  1\$aPhilosophical currents ; v. 1$5FOFT
=500  \\$aTranslation of Kʹerkegor.$5FOFT$5FBoU$5FU$5FTS$5FTaSU
=504  \\$aBibliography: p. 117-119.
=600  10$aKierkegaard, Søren,$d1813-1855.
=830  \0$aPhilosophical currents ;$vv. 1.
=951  \\$107$aCFU01:000138966;$5FOFT
=951  \\$102$aFAU01:000182001;$5FBoU
=951  \\$105$aFSU01:000308116;$5FTaSU
=951  \\$110$aSFU01:000281664;$5FTS
=951  \\$108$aUFU01:000166949;$5FU

