=LDR  01052cam a2200277I  4500
=001  024000761
=005  20120623035500.0
=008  760823s1952\\\\mau\\\\\\b\\\\000|0\engmc
=010  \\$aa  53009892 
=035  \\$a(OCoLC)02391343
=040  \\$aHarvard Univ. Library$cGZW$dm.c.
=050  1\$aE51$b.H337 vol.40, no.4
=100  1\$aVestal, Paul Anthony,$d1908-
=245  10$aEthnobotany of the Ramah Navaho.
=260  \\$aCambridge,$bThe Museum,$c1952.
=300  \\$a94 p.$c27 cm.
=440  \0$aReports of the Ramah project ;$vno. 4$5FU
=440  \0$aPapers of the Peabody Museum of American Archaeology and Ethnology, Harvard University ;$vv. 40, no. 4$5FU
=490  0\$aPapers of the Peabody Museum of American Archæology and Ethnology, Harvard University, v. 40, no. 4$5FTaSU
=490  0\$aReports of the Ramah project, report no. 4$5FTaSU
=500  \\$aIncludes indexes.$5FTaSU
=504  \\$a"References": p. 81.
=650  \0$aEthnobotany.
=650  \0$aNavajo Indians$xFood.
=951  \\$105$aFSU01:000283806;$5FTaSU
=951  \\$108$aUFU01:001604587;$5FU

