=LDR  02053nam a2200445Ii 4500
=001  024016112
=005  20060718123133.0
=008  770316s1975\\\\pau\\\\\\\\\\f000\0\eng\d
=035  \\$a(OCoLC)02807078
=040  \\$aGZL$cGZL$dFNP
=041  1\$aengfre
=090  \\$aHF5549.2.F7$bF7213
=090  \\$aHF5549.2.F7$bF7213 1975
=099  \\$aFOR$aFRANCE$aF7
=110  1\$aFrance.$bComité d'étude pour la réforme de l'entreprise.
=240  10$aRapport.$lEnglish
=245  14$aThe reform of the enterprise in France :$bEnglish translation of the "Sudreau report" : report /$cof the Research Committee on Company Reform.
=260  \\$aPhiladelphia :$bIndustrial Research Unit, Wharton School, University of Pennsylvania,$c1975.
=300  \\$ax, 215, A1-A33 p. ;$c28 cm.
=440  \0$aMultinational industrial relations series ;$vno. 2$5FU$5FTS
=490  1\$aMultinational industrial relations studies ; no. 2$5FJUNF
=490  1\$aMultinational industrial relations studies ;$vno. 2$5FMFIU
=500  \\$a{dollar}10.00$5FJUNF$5FTS
=500  \\$aTranslation of Rapport du Comité dé̓tude pour la reforme de le̓nterprise, préside par Pierre Sudreau.$5FMFIU
=500  \\$aIncludes appendices.$5FJUNF$5FU$5FTS
=500  \\$a"Reproduced by permission of Le Directeur de la Documentation Française."$5FJUNF$5FU$5FTS
=500  \\$a"Submitted to the President of the Republic of France and to the Prime Minister on Friday, 7 February 1975."$5FJUNF$5FU$5FTS
=650  \0$aPersonnel management$zFrance.
=650  \0$aIndustries$xSocial aspects$zFrance.
=650  \0$aBusiness enterprises$zFrance.
=650  \0$aManagement$xEmployee participation$zFrance.
=650  \0$aManagement$zFrance$xEmployee participation.
=700  1\$aSudreau, Pierre.
=740  3\$aLa réforme de l'entreprise.
=740  4\$aThe Sudreau report.
=830  \0$aMultinational industrial relations series ;$vno. 2.
=951  \\$104$aFIU01:000160008;$5FMFIU
=951  \\$109$aNFU01:000151639;$5FJUNF
=951  \\$110$aSFU01:000408028;$5FTS
=951  \\$108$aUFU01:000254612;$5FU

