=LDR  01046nam a2200277I  4500
=001  024034994
=005  20090820165842.0
=008  750730s1973\\\\ve\\\\\\\b\\\\000|0\spa\u
=035  \\$a(OCoLC)01491267
=040  \\$cILU$dFUG
=043  \\$acl-----
=090  \\$aF1414.2$b.C158
=099  \\$aF$a1414.2$a.C25
=100  1\$aCalello, Hugo.
=245  10$aPoder político y populismo :$bdel peronismo a la subversión y otros ensayos /$cHugo Calello.
=260  \\$a[Caracas] :$bEdiciones de la Biblioteca, Universidad Central de Venezuela,$c1973.
=300  \\$a270 [3] p. ;$c19 cm.
=490  1\$aColección Temas ;$v52$5FU
=490  1\$aColección Temas ; 52$5FTS
=504  \\$aIncludes bibliographical references.
=650  \0$aPopulism$zLatin America.
=651  \0$aLatin America$xPolitics and government$y1948-1980.
=651  \0$aLatin America$xPolitics and government$y1948-
=830  \0$aColección Temas (Universidad Central de Venezuela. Ediciones de la Biblioteca) ;$v52.
=951  \\$110$aSFU01:000222718;$5FTS
=951  \\$108$aUFU01:000119698;$5FU

