=LDR  02264cam a2200409Ia 4500
=001  024053862
=005  20121031020200.0
=008  920722s1992\\\\tnu\\\\\\b\\\\100\0\eng\d
=019  \\$a26282400$a28518603
=035  \\$a(OCoLC)26238258
=040  \\$aMMU$cMMU$dCOV$dFHI
=090  \\$aRM332$b.M353 1992
=090  \\$aRM321$b.D52 v.10 no.1
=096  \\$aWM 171 .M266 1992
=245  00$aManagement of patients who are nonresponders to or nontolerators of initial antidepressant therapy.
=260  \\$aMemphis, TN :$bPhysicians Postgraduate Press,$c1992.
=300  \\$a84 p. ;$c28 cm.
=490  0\$aJournal of clinical psychiatry. Monograph series,$x0742-1915 ;$vvol. 10, no. 1 (May 1992)$5FTaSU
=490  1\$aThe Journal of clinical psychiatry monograph series,$x0742-1915 ;$vvol. 10, no. 1, May 1992$5FTS
=490  1\$aThe Journal of clinical psychiatry monograph series,$x0742-1915 ;$vv. 10, no. 1 (May 1992)$5FJUNF
=500  \\$a"Derived from proceedings of a closed symposium, M̀anagement of Patients Who Are Nonresponders to or Nontolerators of Initial Antidepressant Therapy,' held in McLean, Virginia, on January 24, 1992."--p. [2].$5FTS$5FTaSU
=500  \\$aTitle from cover.$5FTS$5FTaSU
=500  \\$a"Derived from proceedings of a closed symposium, 'Management of Patients Who Are Nonresponders to or Nontolerators of Initial Antidepressant Therapy,' held in McLean, Virginia, on January 24, 1992 .... symposium chairperson ... James W. Jefferson."--p. [2].$5FJUNF
=500  \\$aCover title.$5FJUNF
=504  \\$aIncludes bibliographical references.
=650  \0$aDepression, Mental$xChemotherapy$xCongresses.
=650  \0$aDepression, Mental$xTreatment$xCongresses.
=650  \0$aAntidepressants$xCongresses.
=650  \2$aTreatment Outcome$xcongresses.
=650  \2$aDepression$xtherapy$xcongresses.
=650  \2$aAntidepressive Agents$xcongresses.
=700  1\$aJefferson, James W.
=711  2\$aSymposium "Management of Patients Who Are Nonresponders to or Nontolerators of Initial Antidepressant Therapy"$d(1992 :$cMcLean, Va.)
=730  0\$aJournal of clinical psychiatry.
=830  \0$aJournal of clinical psychiatry monograph series ;$vv. 10, no. 1.
=951  \\$105$aFSU01:001284618;$5FTaSU
=951  \\$109$aNFU01:000450755;$5FJUNF

