=LDR  01971nam a2200493 a 4500
=001  024070518
=005  20111020165110.0
=008  970509s1993\\\\fluab\\\\b\\\s000|0\eng\d
=035  \\$a(OCoLC)36880545
=040  \\$aKKS$cKKS$dFBA$dOCL$dFUG
=043  \\$an-us-fl
=050  \0$aQE100.B7$bJ64 1993
=086  \\$aNR.I 3:F 45/55$2fldocs
=086  \\$aDEP.A 3:F 45/55$2fldocs
=090  \\$aQE100.B7$bJ64 1993
=099  \\$aFla-Doc GEO3. O63 no. 55
=099  \\$aF354$aG3o no.55
=099  \9$aNR.I 3:O 36/55
=100  1\$aJohnson, Richard A.$q(Richard Alan),$d1949-
=245  10$aNeutron log signature of the Pliocene Tamiami formation in Brevard and Indian River Counties, east-central peninsular Florida /$cby Richard A. Johnson.
=260  \\$aTallahassee :$bFlorida Geological Survey,$c1993.
=300  \\$a22 p. :$bill. ;$c28 cm.
=490  0\$aOpen file report ;$vno. 55$5FTaSU
=490  1\$aOpen file report ;$v55$5FTS$5FMFIU$5FU$5FJUNF$5FPeU
=500  \\$aCover title.$5FTS$5FTaSU$5FMFIU$5FU$5FJUNF$5FPeU
=504  \\$aIncludes bibliographical references (p. 20).
=650  \0$aGeophysical well logging$zFlorida$zBrevard County.
=650  \0$aGeophysical well logging$zFlorida$zIndian River County.
=650  \0$aGeology, Stratigraphic$xPleistocene.
=650  \0$aGeology$zFlorida$zIndian River County.
=650  \0$aGeology$zFlorida$zBrevard County.
=651  \0$aTamiami Formation (Fla.)
=710  2\$aFlorida Geological Survey.
=830  \0$aOpen file report (Florida Geological Survey) ;$v55.
=830  \0$aOpen file report (Florida Geological Survey) ;$vno. 55.
=856  4\$uhttp://ufdc.ufl.edu/UF00099433$yClick here for full text$5FU
=098  97$aDEP.A3:F45/55
=098  97$aNR.I3:O36/55
=951  \\$104$aFIU01:000756504;$5FMFIU
=951  \\$105$aFSU01:001638801;$5FTaSU
=951  \\$109$aNFU01:000439000;$5FJUNF
=951  \\$110$aSFU01:001125778;$5FTS
=951  \\$108$aUFU01:002295448;$5FU
=951  \\$111$aWFU01:000474064;$5FPeU

