=LDR  01796nam a2200457Ia 4500
=001  024084448
=005  20100518130914.0
=008  880805s1989\\\\nyua\\\\\b\\\\001|0\eng\\
=010  \\$a   88020875 
=020  \\$a0471610240
=035  \\$a(OCoLC)18381041
=035  \\$aABH4900$bAM
=040  \\$aDLC$cDLC$dFTU
=050  0\$aHD45$b.R77 1988
=082  0\$a658.5/14$219
=100  1\$aRubenstein, Albert Harold,$d1923-
=245  10$aManaging technology in the decentralized firm /$cAlbert H. Rubenstein.
=260  \\$aNew York :$bWiley,$c1989.
=300  \\$axxiv, 476 p. :$bill. ;$c24 cm.
=440  \0$aWiley series in engineering and technology management$5FTS$5FTaFA$5FMFIU
=490  0\$aWiley series in engineering and technology management$5FPeU$5FBoU
=490  1\$aWiley series in engineering & technology management$5FOFT
=500  \\$aIncludes index.$5FTS$5FPeU$5FJUNF$5FTaFA$5FOFT$5FBoU$5FMFIU
=500  \\$a"A Wiley-Interscience publication."$5FU$5FTS$5FPeU$5FJUNF$5FTaFA$5FOFT$5FBoU$5FMFIU
=504  \\$aIncludes bibliographical references and index.
=650  \0$aTechnological innovations$xManagement.
=650  \0$aTechnology$xManagement.
=650  \0$aResearch, Industrial$xManagement.
=650  \0$aDecentralization in management.
=650  \7$aInnovations$xGestion.$2ram
=650  \7$aTechnologie$xGestion.$2ram
=650  \7$aDécentralisation dans la gestion.$2ram
=830  \0$aWiley series in engineering and technology management
=951  \\$101$aAMU01:000288134;$5FTaFA
=951  \\$107$aCFU01:000312252;$5FOFT
=951  \\$102$aFAU01:000342373;$5FBoU
=951  \\$104$aFIU01:000383727;$5FMFIU
=951  \\$109$aNFU01:000287767;$5FJUNF
=951  \\$110$aSFU01:000689323;$5FTS
=951  \\$108$aUFU01:001101150;$5FU
=951  \\$111$aWFU01:000288417;$5FPeU

