=LDR  00824ncm a2200229I  4500
=001  024115422
=005  20071102094118.0
=008  770518s1975\\\\gw\suuu\\\\\\\\n\\\\\\\\d
=035  \\$a(OCoLC)02976500
=040  \\$aIQU$cIQU$dFNP
=090  \\$aM129$b.B119 S.996 1975
=100  1\$aBach, Johann Sebastian,$d1685-1750.
=240  10$aSuites,$mlute,$nBWV 996,$rE minor;$oarr.
=245  00$aSuite E-moll :$bBWV 996 /$cJoh. Seb. Bach.
=260  \\$a[Wien] :$bUniversal Edition,$cc1975,$dPl. no. UE 14473.
=300  \\$a21 p. :$bfacsims. ;$c31 cm.
=490  0\$aMusik für Gitarre$5FJUNF
=490  0\$aHis Sämtliche Werke für die Laute$5FJUNF
=500  \\$a"Arrangement for guitar and fingerings by Karl Scheit."$5FJUNF
=650  \0$aSuites (Guitar), Arranged.
=700  1\$aScheit, Karl,$d1909-1993.
=951  \\$109$aNFU01:000155326;$5FJUNF

