=LDR  02284cam a2200457 a 4500
=001  024130684
=005  20120529112038.0
=008  101104s2011\\\\enka\\\\\b\\\\001\0\eng\d
=010  \\$a2011290434
=015  \\$aGBB0D4445$2bnb
=016  7\$a015691365$2Uk
=019  \\$a687704789
=020  \\$a9781849461160 (hbk.)
=020  \\$a1849461163 (hbk.)
=020  \\$a1849461163 (cloth)
=020  \\$a9781849461160 (cloth)
=035  \\$a(OCoLC)716842403
=040  \\$aNLE$beng$cNLE$dDLC$dBTCTA$dYDXCP$dUV0$dOWT$dCDX$dRCJ$dGWL$dBWK$dBWX$dOCLCQ$dUKMGB
=042  \\$alccopycat
=050  \4$aKZ7110$b.D37 2011
=082  04$a345.0772$222
=100  1\$aD'Ascoli, Silvia.
=245  10$aSentencing in international criminal law :$bthe UN ad hoc tribunals and future perspectives for the ICC /$cSilvia D'Ascoli.
=246  3\$aUnited Nations ad hoc tribunals and future perspectives for the International Criminal Court
=260  \\$aOxford :$bPortland, Or. :$bHart Pub.,$c2011.
=300  \\$alii, 416 p. :$bill. ;$c24 cm.
=490  1\$aStudies in international and comparative criminal law ; v. 6$5FMFIU$5FTaFA
=490  1\$aStudies in international and comparative criminal law ;$vv. 6$5FTaSU$5FU
=504  \\$aIncludes bibliographical references (p. 379-406) and index.
=505  0\$aAnalysing the sentencing process in international justice -- Sentencing approaches to international crimes in national legal systems -- The sentencing jurisprudence of the International Criminal Tribunals for the former Yugoslavia and Rwanda -- Quantitative analysis of sentencing data in the case law of the ad hoc tribunals -- The sentencing system of the International Criminal Court -- Assessment of some important issues for international sentencing.$5FMFIU$5FTaFA$5FTaSU$5FU
=610  20$aInternational Criminal Court.
=650  \0$aInternational criminal courts.
=650  \0$aSentences (Criminal procedure)
=650  \0$aInternational crimes.
=650  \0$aCriminal procedure (International law)
=830  \0$aStudies in international and comparative criminal law ; v. 6.
=936  \\$aPR 687331162 706953802 721192165
=951  \\$101$aAMU01:001321311;$5FTaFA
=951  \\$104$aFIU01:001657071;$5FMFIU
=951  \\$105$aFSU01:003256172;$5FTaSU
=951  \\$108$aUFU01:005503821;$5FU

