=LDR  01553cam a2200385 a 4500
=001  024138494
=005  20120623070600.0
=008  970401s1997\\\\inu\\\\\\b\\\s001|0\eng\\
=010  \\$a   97005225 
=020  \\$a0253333474 (alk. paper)
=020  \\$a0253333474 (cl : alk. paper)
=035  \\$a(OCoLC)36705672
=040  \\$aDLC$cDLC$dOCL$dFTU
=043  \\$an-us-ny
=050  00$aHD62.6$b.B67 1997
=082  00$a658/.048$221
=100  1\$aBordt, Rebecca L.,$d1959-
=245  14$aThe structure of women's nonprofit organizations /$cRebecca L. Bordt.
=260  \\$aBloomington :$bIndiana University Press,$cc1997.
=300  \\$axi, 114 p. ;$c23 cm.
=440  \0$aIU Center on Philanthropy series in governance$5FOFT
=490  0\$aIU Center on Philanthropy series in governance$5FBoU
=490  1\$aIndiana University Center on Philanthropy series in governance$5FTS$5FTaSU$5FMFIU
=504  \\$aIncludes bibliographical references (p. [103]-110) and index.
=650  \0$aNonprofit organizations$zNew York (State)$zNew York$xManagement$vCase studies.
=650  \0$aWomen executives$zNew York (State)$zNew York$vCase studies.
=650  \0$aOrganization$vCase studies.
=650  \0$aOrganization$zNew York (State)$zNew York$vCase studies.
=830  \0$aIU Center on Philanthropy series in governance.
=951  \\$107$aCFU01:001137130;$5FOFT
=951  \\$102$aFAU01:000679693;$5FBoU
=951  \\$104$aFIU01:000708788;$5FMFIU
=951  \\$105$aFSU01:001654313;$5FTaSU
=951  \\$109$aNFU01:000446146;$5FJUNF
=951  \\$110$aSFU01:001136922;$5FTS

