=LDR  01509nam a2200289I  4500
=001  024158159
=005  20120623014900.0
=008  770610s1976\\\\iaua\\\\\b\\\\000\0\eng\d
=035  \\$a(OCoLC)03030290
=040  \\$aFGM$cFGM$dFNP
=090  \\$aHE305$b.L427
=090  \\$aTA1205$b.L44
=100  1\$aLee, Douglass B.
=245  12$aA cost-oriented methodology for short-range transportation planning /$cby Douglass B. Lee, Jr.
=260  \\$aIowa City :$bCenter for Urban Transportation Studies, Institute of Urban and Regional Research, University of Iowa,$c1976.
=300  \\$a27 p. :$bill. ;$c28 cm.
=490  0\$aIowa. University. Institute of Urban and Regional Research. Center for Urban Transportation Studies. Tech. report, no. 66$5FBoU
=490  1\$aTechnical report / Center for Urban Transportation Studies, Institute of Urban and Regional Research, University of Iowa ;$vno. 66$5FJUNF
=500  \\$a"Prepared for presentation at the 55th annual meeting of the Transportation Research Board, Washington, D.C., January 19-23, 1976."$5FJUNF$5FBoU
=504  \\$aBibliography: p. 25-27.
=650  \0$aUrban transportation policy$xMathematical models.
=650  \0$aUrban transportation$xCosts$xMathematical models.
=650  \0$aTransportation$xPlanning$xMathematical models.
=650  \0$aUrban transportation$xResearch.
=830  \0$aTechnical report (University of Iowa. Institute of Urban and Regional Research) ;$vno. 66.
=951  \\$102$aFAU01:000186306;$5FBoU
=951  \\$109$aNFU01:000156936;$5FJUNF

