=LDR  00971cam a2200277Ii 4500
=001  024181804
=005  20101221092749.0
=008  780720s1977\\\\nyu\\\\\\\\\\\000\0\eng\d
=035  \\$a(OCoLC)04067883
=040  \\$aPIT$cPIT$dOCL$dOCLCQ$dOCLCG$dFXG
=043  \\$an-us-wv
=082  \4$a331.8812233
=090  \\$aHD8039.M62$bU6429 1977
=090  \\$aHD5325.M63$b1921b W4
=100  1\$aLane, Winthrop D.$q(Winthrop David),$d1887-1962.
=245  10$aCivil war in West Virginia :$bthe story of the industrial conflict in the coal mines /$cWinthrop D. Lane.
=260  \\$aNew York :$bOriole Editions,$c[1977?]
=300  \\$a128 p. ;$c19 cm.
=490  0\$aOriole chapbooks ; 19$5FPeU
=490  1\$aOriole chapbooks ;$v19$5FMFIU
=650  \0$aLabor unions$zWest Virginia.
=650  \0$aCoal miners$zWest Virginia.
=651  \0$aWest Virginia$xEconomic conditions.
=830  \0$aOriole chapbooks ;$v19.
=951  \\$104$aFIU01:000893156;$5FMFIU
=951  \\$111$aWFU01:000163510;$5FPeU

