=LDR  01711pam a2200445 i 4500
=001  024201875
=005  20050603135250.0
=008  780726s1978\\\\miu\\\\\\b\\\\001|0\eng\\
=010  \\$a73017562  
=020  \\$a081031262X
=035  \\$a(OCoLC)04137425
=040  \\$aDLC$cDLC$dFUG
=043  \\$an-us---
=050  0\$aZ7757.U5$bS25$aBR515
=050  0\$aBR515$b.S25
=050  0\$aZ7757.U5$bS25
=082  0\$a016.2/00973
=090  \\$aBR515$b.S25 1978
=090  \\$aBR515$b.S26
=100  1\$aSandeen, Ernest Robert,$d1931-
=245  10$aAmerican religion and philosophy :$ba guide to information sources /$cErnest R. Sandeen, Frederick Hale.
=260  \\$aDetroit :$bGale Research Co.,$c1978.
=300  \\$axvi, 377 p. ;$c23 cm.
=440  \0$aGale information guide library.$pAmerican studies information guide series ;$vv. 5$5FU
=490  0\$aGale information guide library$5FPeU$5FMFIU
=490  0\$aAmerican studies informaton guide series ; v. 5$5FPeU
=490  0\$aAmerican studies information guide series ; v. 5$5FMFIU$5FTS
=490  0\$aAmerican studies information guide series ; v. 5) (Gale information guide library$5FBoU
=500  \\$aIncludes indexes.$5FPeU$5FMFIU$5FBoU$5FU$5FTS
=650  \0$aChristianity$zUnited States$xBibliography.
=650  \0$aPhilosophy, American$xBibliography.
=651  \0$aUnited States$xReligion$xBibliography.
=700  1\$aHale, Frederick,$d1948-$ejoint author.
=700  1\$aHale, Frederick,$ejoint author.
=700  1\$aHale, Frederick,$d1948-
=951  \\$102$aFAU01:000203744;$5FBoU
=951  \\$104$aFIU01:000188849;$5FMFIU
=951  \\$110$aSFU01:000318355;$5FTS
=951  \\$108$aUFU01:000209699;$5FU
=951  \\$111$aWFU01:000164236;$5FPeU

