=LDR  01200cam a2200385 a 4500
=001  024222841
=005  20150505143750.0
=008  850827s1985\\\\enk\\\\\\\\\\\000|0\eng\d
=010  \\$agb 85001399 
=015  \\$aGB85-1399
=019  \\$a12476210
=020  \\$a0413572501 (pbk) :$c{dollar}5.00
=020  \\$a0413572501 (pbk) :$c£2.25
=035  \\$a(OCoLC)12015432
=040  \\$aUKM$cUKM$dOCL
=050  0\$aPR6052.O5$bH8 1985
=050  1\$aPR6052.O5
=082  0\$a822/.914$219
=090  \\$aPR6052.O5$bH851 1985
=090  \\$aPR6052.O5$bH85
=100  1\$aBond, Edward.
=245  10$aHuman cannon /$cEdward Bond.
=260  \\$aLondon :$bMethuen,$c1985.
=300  \\$a42 p. ;$c21 cm.
=440  \2$aA Methuen new theatrescript$5FU$5FTaSU$5FTS
=490  0\$aA Methuen paperback.$5FU$5FBoU
=490  0\$aA Methuen new theatrescript ; 2nd ser., no. 29$5FBoU
=490  0\$aA Methuen new theatrescript$5FPeU$5FOFT
=653  \\$aDrama in English, 1945- - Texts
=951  \\$107$aCFU01:000371579;$5FOFT
=951  \\$102$aFAU01:000250074;$5FBoU
=951  \\$105$aFSU01:000746610;$5FTaSU
=951  \\$110$aSFU01:000485915;$5FTS
=951  \\$108$aUFU01:001105380;$5FU
=951  \\$111$aWFU01:000260601;$5FPeU

