=LDR  01629cam a2200373 i 4500
=001  024240404
=005  20090928165954.0
=008  770819s1978\\\\nyu\\\\\\b\\\\001\0\eng\\
=010  \\$a   77012786 
=020  \\$a0824766733
=035  \\$a(OCoLC)03275343
=040  \\$aDLC$cDLC$dOCL$dFTU
=050  0\$aQA379$b.F34
=082  0\$a515/.35
=090  \\$aQA379$b.F34
=100  1\$aFairweather, Graeme.
=245  10$aFinite element Galerkin methods for differential equations /$cGraeme Fairweather.
=260  \\$aNew York :$bM. Dekker,$cc1978.
=300  \\$aix, 263 p. ;$c26 cm.
=440  \0$aLecture notes in pure and applied mathematics ;$vv. 34$5FU$5FTS
=490  1\$aLecture notes in pure and applied mathematics ; 34$5FOFT$5FBoU
=490  1\$aLecture notes in pure and applied mathematics ;$v34$5FTaSU
=500  \\$a"Extended and updated version of a set of notes prepared for a series of lectures given at the South African Council for Scientific and Industrial Research (CSIR) in 1971, and published as a CSIR special report in January 1973."$5FOFT$5FJUNF$5FBoU$5FU$5FTS$5FTaSU
=504  \\$aIncludes bibliographical references and index.
=650  \0$aBoundary value problems$xNumerical solutions.
=650  \0$aDifferential equations, Partial$xNumerical solutions.
=650  \0$aFinite element method.
=830  \0$aLecture notes in pure and applied mathematics ;$vv. 34.
=951  \\$107$aCFU01:000147941;$5FOFT
=951  \\$102$aFAU01:000190784;$5FBoU
=951  \\$105$aFSU01:000332970;$5FTaSU
=951  \\$109$aNFU01:000161502;$5FJUNF
=951  \\$110$aSFU01:000296285;$5FTS
=951  \\$108$aUFU01:000183479;$5FU

