=LDR  01874nam a2200469 i 4500
=001  024257346
=005  20100324141506.0
=008  771205m19779999txu\\\\\\\\\\\000|0aeng\\
=010  \\$a   77075949 
=020  \\$a0292738102.$a0292738090$bpbk.
=035  \\$a(OCoLC)03309923
=040  \\$aDLC$cDLC$dFTU
=041  1\$aengtur
=050  0\$aPL248.N43$bZ513 1977
=082  0\$a894/.3/58307$aB
=090  \\$aPL248.N43$bZ513 1977
=100  1\$aNesin, Aziz.
=240  10$aBöyle gelmiş, böyle gitmez.$lEnglish.
=245  10$aIstanbul boy =$bBöyle gelmiş, böyle gitmez = That's how it was but not how it's going to be : the autobiography of Aziz Nesin /$ctranslated by Joseph S. Jacobson.
=260  \\$aAustin :$bCenter for Middle Eastern Studies, University of Texas at Austin,$cc1977-
=300  \\$av. ;$c22 cm.
=440  \0$aMiddle East monographs ;$vno. 3-$5FOFT$5FTS
=490  1\$aMiddle East monographs ; no. 3, 7$5FU
=490  1\$apt. 3- : Modern Middle East literature in translation series$5FTaSU
=490  1\$apt. 1-2: Middle East monographs ;$vno. 3, 7$5FTaSU
=500  \\$aPart 2 has subtitle: Yol = The path.$5FU
=505  1\$aPt. 1. Böyle gelmis̨, böyle gitmez.--pt. 2. Yol.--pt. 3. Yokus̨um bas̨i.$5FTaSU
=600  10$aNesin, Aziz.
=600  10$aNesin, Aziz$xBiography.
=650  \0$aAuthors, Turkish$y20th century$xBiography.
=740  0\$aBöyle gelmiş, böyle gitmez.
=740  0\$aThat's how it was but not how it's going to be.
=740  0\$aBoyle gelmis boyle gitmez
=740  0\$aYol
=740  0\$aYokusum basi
=830  \0$aMiddle East monographs ;$vno. 3.
=830  \0$aMiddle East monographs
=830  \0$aModern Middle East literatures in translation series.
=951  \\$107$aCFU01:000148534;$5FOFT
=951  \\$105$aFSU01:000334568;$5FTaSU
=951  \\$110$aSFU01:000297145;$5FTS
=951  \\$108$aUFU01:000184316;$5FU

