=LDR  03392cjm a2200529Ia 4500
=001  024277266
=005  20110616102743.0
=007  sd|bsmennmpln|
=007  sd\bsmenn||||e
=008  770916s1969\\\\xx\munn\\i\\\\\n\\\\pol\\
=010  \\$a   74750465 
=028  00$aOR 355$bOrpheus
=035  \\$a(OCoLC)03270139
=040  \\$aDLC$cKSU$dOCL$dIXA
=041  0\$dpollat$geng
=043  \\$ae-po---
=090  \\$aM1$b.M87w 1969
=099  \\$aR$a26928
=245  00$aMusic of Wawel Castle in Cracow$h[sound recording].
=260  \\$aNew York, N.Y. :$bOrpheus,$c[1969]
=262  \\$bOrpheus$cOR 355.$d[1969]
=300  \\$a1 sound disc :$banalog, 33 1/3 rpm, stereo. ;$c12 in.
=490  0\$aOR series$5FJUNF$5FMFIU
=490  1\$aMusica antiqua polonica$5FJUNF$5FMFIU$5FU
=500  \\$aContains works by anonymous composers, Mikolaj of Radom, Waclaw of Szamotul, M. Leopolita, K. Klabon, and others.$5FU
=500  \\$aProgram notes by James B. Rich on slipcase.$5FJUNF$5FMFIU$5FU
=500  \\$aThe vocal works are sung in Polish or Latin.$5FJUNF$5FU
=505  0\$aHystorigraphi Acie ; Utwor bez tytulu / Mikolaj of Radom -- Date siceram maerentibus ; Wesel sie, Polska korona / Mikolaj of Cracow -- Piexn o smierci krola Zygmunta Pierwszego = Song on the death of King Zygmunt I ; Piesn o weselu Krola Zygmunta II = Song on the wedding of King Zygmunt II / anon. -- Nunc scio vere / Waclaw of Szamotul -- Protexisti me, Dux / Mikolaj of Chrzanow -- Fantasia / Diomedes Cato -- Cibavit eos / Marcin Leopolita -- Napis nad grobem zacnej Krolowej Barbary Radziwillowny = Epitaph on the tomb of Queen Barbara Radziwill ; Piesn o posiedzeniu i o sniewoleniu zalosnym ziemi wegierskiej = A song of the captivity and sad constraint of the land of Hungary / anon. -- Piesni kaliopy Slowienskiej = Songs of the Slavonic calliope / Krzystof Klabon -- Five dances from the tablature of Jan of Lublin / anon.$5FMFIU
=505  0\$aFantasia a 4 / Diomedes Cato -- Cibavit eos / Marcin Leopolita -- Napis nad grovem zacnej Krolewej Barbary Radziwillowny ; Piesn of posiedzeniu i o sniewoleniu zalosnym ziemi wegierskiej / anon. -- Piesni Kaliopy Slowienskiej / Krzysztof Klabon -- Five dances from the tablature of jan of lublin / anon.$5FJUNF
=505  0\$aHystorigraphi acie ; Utwor bez tytulu (Untitled piece) / Mikolaj of Radom -- Date siceram maerentibus ; Wesel sie, Polska korona (Rejoice, Polish crown) / Mikolaj of Cracow -- Piesn o smierci Krola Zygmunta Pierwszego ; Piesn o weselu Krola Zygmunta Wtorego / anon. -- Nunc sco vere / Waclaw of Szamotul -- Protexisti me deus / Mikolaj of Chrzanow --$5FJUNF
=511  0\$aCappella Bydgostiensis Pro Musica Antiqua; Stanislaw Galonski, director.
=546  \\$aThe vocal works are sung in Polish or Latin.
=650  \0$aMusic$zPoland.
=650  \0$aVocal music.
=650  \0$aInstrumental music.
=650  \0$aMusic$zPoland$y15th century.
=650  \0$aVocal music$yTo 1800.
=650  \0$aInstrumental music$yTo 1800.
=700  1\$aGałoński, Stanisław.$4prf
=700  1\$aGałoński, Stanisław.
=700  1\$aGalonski, Stanislaw.$4cnd
=710  2\$aCapella Bydgostiensis pro Musica Antiqua.$4prf
=830  \0$aOR series (New York, N.Y.)
=830  \0$aMusica antiqua polonica (Musical Heritage Society)
=951  \\$104$aFIU01:000843981;$5FMFIU
=951  \\$109$aNFU01:000161317;$5FJUNF
=951  \\$108$aUFU01:001981536;$5FU

