=LDR  01273cam a2200313I  4500
=001  024298374
=005  20130924162800.0
=008  790105s1978\\\\xx\\\\\\\\\\\\100|0\eng\d
=010  \\$a   78072983 
=019  \\$a4525273
=035  \\$a(OCoLC)15133326
=040  \\$aPGP$cPGP$dCHS$dFTU
=090  \\$aQL625$b.S9 1978
=096  \\$aQL 625 S989s 1978
=111  2\$aSymposium on Selected Coolwater Fishes of North America,$cSt. Paul,$d1978.
=245  10$aSelected coolwater fishes of North America :$bproceedings of a symposium held in St. Paul, Minnesota March 7-9, 1978 /$cRobert L. Kendall, editor.
=260  \\$aWashington :$bAmerican Fisheries Society,$c1978.
=300  \\$axii, 437 p. :$bill., maps ;$c27 cm.
=490  1\$aSpecial publication / American Fisheries Society ;$vno. 11$5FOFT$5FBoU$5FTS
=490  1\$aSpecial publication ;$vno. 11$5FU$5FPeU$5FTaSU
=504  \\$aIncludes bibliographies.
=650  \0$aFishes$zNorth America$xCongresses.
=650  \0$aFish culture$zNorth America$vCongresses.
=700  1\$aKendall, Robert L.
=830  \0$aSpecial publication (American Fisheries Society) ;$vno. 11.
=951  \\$107$aCFU01:000171470;$5FOFT
=951  \\$105$aFSU01:000386370;$5FTaSU
=951  \\$108$aUFU01:000381065;$5FU
=951  \\$111$aWFU01:000168117;$5FPeU

