=LDR  01621nam a2200433Ia 4500
=001  024318201
=005  20120623081100.0
=008  820830s1982\\\\caua\\\\\b\\\\001|0\eng\d
=010  \\$a   81048569 
=020  \\$a0875898920 (pbk.) :$c{dollar}12.00
=020  \\$a0875898920 (pbk.)
=020  \\$a0875898920 (pbk.) :$c{dollar}7.95
=035  \9$a(OCoLC)08731220
=040  \\$aELW$cELW$dFCM
=043  \\$an-us---
=050  0\$aLA227.3$b.N42 no. 16
=050  0\$aLC5251$b.B77 1982
=050  0\$aLC5251$b.B78
=082  0\$a374/.973$219
=090  \\$aLC5251$b.B8 1982
=092  \\$a378
=245  00$aBuilding on experiences in adult development /$cBetty Menson, editor.
=260  \\$aSan Francisco :$bJossey-Bass,$cc1982.
=300  \\$a129 p. :$bill. ;$c23 cm.
=440  \0$aNew directions for experiential learning,$x0271-0595 ;$vno. 16 (June 1982)$5FTaSU
=490  1\$aPaperback sourcebooks in the Jossey-Bass higher education series$5FTaFA$5FMFIU$5FU$5FTaSU
=490  1\$aNew directions for experiential learning,$x0271-0595 ;$vno. 16 (June 1982)$5FTaFA$5FMFIU$5FU
=500  \\$aIncludes index.$5FMFIU$5FU$5FTaSU
=504  \\$aIncludes bibliographies and index.
=650  \0$aContinuing education$zUnited States
=650  \0$aAdult education$zUnited States
=650  \0$aExperiential learning$zUnited States.
=700  1\$aMenson, Betty.
=830  \0$aJossey-Bass higher education series.
=830  \0$aNew directions for experiential learning ;$vno. 16.
=951  \\$101$aAMU01:000142246;$5FTaFA
=951  \\$104$aFIU01:000347666;$5FMFIU
=951  \\$105$aFSU01:000493386;$5FTaSU
=951  \\$108$aUFU01:000443754;$5FU

