=LDR  00916nam a2200241I  4500
=001  024333736
=005  20120623062800.0
=008  790221s1925\\\\paua\\\\\\\\\\000|0\eng\d
=035  \\$a(OCoLC)04677982
=040  \\$aUUM$cUUM$dFWA
=090  \\$aAS36$b.P75 v.10, no.4
=090  \\$aQ11$b.C3 v.10, no.4
=100  1\$aGilmore, Charles W.$q(Charles Whitney),$d1874-1945.
=245  10$aOsteology of ornithopoudus dinosaurs from the Dinosaur National Monument, Utah.
=260  \\$a[Pittsburgh,$bCarnegie Institute,$c1925]
=300  \\$a385-410 p., [1] leaf of plates :$bill. ;$c34 cm.
=440  \0$aMemoirs of the Carnegie Museum,$vv. 10, no. 4$5FPeU
=490  0\$aPublications of the Carnegie Museum, serial no.125$5FPeU$5FTaSU
=490  0\$aMemoirs of the Carnegie Museum, v.10, no.4$5FTaSU
=650  \0$aDinosaurs.
=650  \0$aPaleontology$zUtah.
=951  \\$105$aFSU01:000391868;$5FTaSU
=951  \\$111$aWFU01:000169636;$5FPeU

