=LDR  04738cam a2200685 a 4500
=001  024352310
=005  20100316094202.0
=008  050616m20059999dcu\\\\\\b\\\f000\0\eng\c
=035  \\$a(OCoLC)60651974
=035  \\$atmp97339250
=035  \\$atmp97245436
=035  9\$aAKM2799
=040  \\$aGPO$cGPO$dGPO$dMvI
=042  \\$apcc
=043  \\$an-us---
=050  \4$aKF32$b.E55 2005b
=074  \\$a1008-C
=074  \\$a1008-C (online)
=074  \\$a1008-D (MF)
=074  \\$a1008-D (online)
=086  0\$aY 1.1/8:109-71/
=086  0\$aY 1.1/8:109-71/PT.1-
=110  1\$aUnited States.$bCongress.$bHouse.$bCommittee on Homeland Security.
=245  10$aDepartment of Homeland Security Authorization Act for fiscal year 2006 :$breport together with minority and additional views (to accompany H.R. 1817).
=260  \\$a[Washington, D.C. :$bU.S. G.P.O.,$c2005]-
=300  \\$av. ;$c24 cm.
=490  1\$aRept. / 108th Congress, 2d session, House of Representatives ;$v109-71$5FOFT$5FBoU
=490  1\$aRept. / 109th Congress, 1st session, House of Representatives ;$v109-71$5FU$5FTS$5FMFIU$5FTaFA
=500  \\$a"Including cost estimate of the Congressional Budget Office"--Pts. 2-3.$5FU$5FTS$5FMFIU$5FTaFA
=500  \\$a"Committee on Energy and Commerce"--Pt. 2.$5FU$5FTS$5FMFIU$5FTaFA
=500  \\$aShipping list no.: 2005-0149-P (pt. 1), 2005-0148-P (pts. 2-3).$5FU$5FTS$5FMFIU$5FTaFA
=500  \\$a"May 3, 2005"--Pt. 1.$5FU$5FTS$5FMFIU$5FTaFA
=500  \\$a"May 13, 2005"--Pts. 2-3.$5FOFT$5FU$5FTS$5FBoU$5FMFIU$5FTaFA
=500  \\$aDistributed to some depository libraries in microfiche.$5FOFT$5FU$5FTS$5FBoU$5FMFIU$5FTaFA
=500  \\$aShipping list no.: 2005-0148-P (pts. 2-3).$5FOFT$5FBoU
=500  \\$a"Committee on the Judiciary"--Pt. 3.$5FOFT$5FU$5FTS$5FBoU$5FMFIU$5FTaFA
=500  \\$aCaption title.$5FOFT$5FU$5FTS$5FBoU$5FMFIU$5FTaFA
=500  \\$aDescription based on pt. 2.$5FOFT$5FBoU
=504  \\$aIncludes bibliographical references.
=530  \\$aAlso available via Internet from the GPO Access web site. Addresses as of 6/28/05: http://frwebgate.access.gpo.gov/cgi-bin/getdoc.cgi?dbname=109%5Fcong%5Freports&docid=f:hr071p2.109 (pt. 2, text version), http://frwebgate.access.gpo.gov/cgi-bin/getdoc.cgi?dbname=109%5Fcong%5Freports&docid=f:hr071p2.pdf (pt. 2, PDF version), http://frwebgate.access.gpo.gov/cgi-bin/getdoc.cgi?dbname=109%5Fcong%5Freports&docid=f:hr071p3.109 (pt. 3, text version), http://frwebgate.access.gpo.gov/cgi-bin/getdoc.cgi?dbname=109%5Fcong%5Freports&docid=f:hr071p3.pdf (pt. 3, PDF version); current access available via PURLs.$5FOFT$5FBoU
=530  \\$aAlso available via Internet from the GPO Access web site. Addresses as of 7/26/05: http://frwebgate.access.gpo.gov/cgi-bin/getdoc.cgi?dbname=109%5Fcong%5Freports&docid=f:hr071p1.109.pdf (pt. 1), http://frwebgate.access.gpo.gov/cgi-bin/getdoc.cgi?dbname=109%5Fcong%5Freports&docid=f:hr071p2.109 (pt. 2, text version), http://frwebgate.access.gpo.gov/cgi-bin/getdoc.cgi?dbname=109%5Fcong%5Freports&docid=f:hr071p2.pdf (pt. 2, PDF version), http://frwebgate.access.gpo.gov/cgi-bin/getdoc.cgi?dbname=109%5Fcong%5Freports&docid=f:hr071p3.109 (pt. 3, text version), http://frwebgate.access.gpo.gov/cgi-bin/getdoc.cgi?dbname=109%5Fcong%5Freports&docid=f:hr071p3.pdf (pt. 3, PDF version); current access available via PURLs.$5FU$5FTS$5FMFIU$5FTaFA
=610  10$aUnited States.$bDept. of Homeland Security$xAppropriations and expenditures.
=650  \0$aTerrorism$zUnited States$xPrevention$xFinance.
=650  \0$aNational security$zUnited States$xFinance.
=651  \0$aUnited States$xAppropriations and expenditures, 2005.
=710  1\$aUnited States.$bCongress.$bHouse.$bCommittee on Energy and Commerce.
=710  1\$aUnited States.$bCongress.$bHouse.$bCommittee on the Judiciary.
=810  1\$aUnited States.$bCongress.$bHouse.$tReport ;$v109-71.
=856  41$3Pt. 2, text version:$uhttp://purl.access.gpo.gov/GPO/LPS60932$5FOFT$5FU$5FTS$5FBoU$5FMFIU$5FTaFA
=856  41$3Pt. 2, PDF version:$uhttp://purl.access.gpo.gov/GPO/LPS60933$5FOFT$5FU$5FTS$5FBoU$5FMFIU$5FTaFA
=856  41$3Pt. 3, text version:$uhttp://purl.access.gpo.gov/GPO/LPS61172$5FOFT$5FU$5FTS$5FBoU$5FMFIU$5FTaFA
=856  41$3Pt. 2, PDF version:$uhttp://purl.access.gpo.gov/GPO/LPS61175$5FOFT$5FBoU
=856  41$3Pt. 3, PDF version:$uhttp://purl.access.gpo.gov/GPO/LPS61175$5FU$5FTS$5FMFIU$5FTaFA
=856  41$3Pt. 1:$uhttp://purl.access.gpo.gov/GPO/LPS62168$5FU$5FTS$5FMFIU$5FTaFA
=951  \\$101$aAMU01:000902924;$5FTaFA
=951  \\$107$aCFU01:001144465;$5FOFT
=951  \\$102$aFAU01:001206643;$5FBoU
=951  \\$104$aFIU01:001232078;$5FMFIU
=951  \\$110$aSFU01:001703544;$5FTS
=951  \\$108$aUFU01:003987088;$5FU

