=LDR  01730pam a2200505 i 4500
=001  024366801
=005  20110310103803.0
=008  750825s1976\\\\ilua\\\j\\\\\\000\0\eng\\
=010  \\$a75028390 /AC
=019  \\$a2353327
=020  \\$a0807509876
=035  \\$a(OCoLC)01659574
=040  \\$aDLC$cDLC$dFUG
=050  0\$aRF300$b.L57 1976
=082  0\$a617.8/9
=090  \\$aYFS700.L58$bB88
=092  \\$a617.89$bL711b
=092  \\$aLit
=099  \\$aY$a617.8$aLit
=099  \9$aSPEs.SLI$aWh/A$aGr.1-6$a1976$aL58
=100  1\$aLitchfield, Ada Bassett.
=245  12$aA button in her ear /$cby Ada B. Litchfield ; pictures by Eleanor Mill.
=260  \\$aChicago :$bA. Whitman,$cc1976.
=300  \\$a[32] p. :$bill. (some col.) ;$c24 cm.
=490  0\$aConcept book$5FU$5FTS$5FMFIU$5FOFT
=490  0\$aConcept books$5FTaSU
=520  \\$aA little girl relates how her hearing deficiency is detected and corrected with the use of a hearing aid.
=650  \0$aHearing disorders.
=650  \0$aHearing aids$vJuvenile literature.
=650  \0$aHearing disorders in children$vJuvenile literature.
=650  \0$aHearing aids for children$vJuvenile literature.
=650  \0$aHearing aids.
=650  \1$aHearing aids.
=650  \1$aHearing disorders.
=690  \3$aSPECIAL EDUCATION$xSENSORY/PERCEPTION/COMMUNICATION DISABILITIES$5FPeU
=700  1\$aMill, Eleanor.
=700  1\$aMill, Eleanor,$eill.
=830  \0$aConcept books
=951  \\$107$aCFU01:000429347;$5FOFT
=951  \\$104$aFIU01:000370734;$5FMFIU
=951  \\$105$aFSU01:001490333;$5FTaSU
=951  \\$109$aNFU01:000269114;$5FJUNF
=951  \\$110$aSFU01:000233139;$5FTS
=951  \\$108$aUFU01:000130672;$5FU
=951  \\$111$aWFU01:000237824;$5FPeU

