=LDR  02632cam a2200565Ia 4500
=001  024384887
=005  20100901123544.0
=008  970911s1997\\\\fluab\\\\b\\\s000\0\eng\d
=010  \\$a97211155
=035  \\$a(OCoLC)37603432
=040  \\$aFUG$cGIS$dFBA$dAGX$dDLC$dOCLCQ$dFTU
=043  \\$an-us-fl
=050  \4$aTC176$b.W551 1997
=050  00$aGB1197.7$b.W535 1997
=072  \0$aP200
=082  00$a551.49/09759/21$221
=086  \\$aFCD.C 3:T 32/97-3$2fldocs
=090  \\$aTC176$b.W551 1997
=099  \\$aFla-Doc Region STJW3. T32/2 no. 97-3
=099  \\$aFCD.C 3:T 32/97-3
=100  1\$aWilliams, Stanley A.
=245  12$aA regional flow model of the Volusia ground water basin /$cby Stanley A. Williams.
=260  \\$aPalatka, Fla. :$bSt. Johns River Water Management District,$c1997.
=300  \\$axvi, 105 p. :$bill. (some col.) ;$c28 cm.
=490  0\$aTechnical publication ;$v97-3$5FTaSU
=490  1\$aTechnical publication ;$vSJ97-3$5FTS$5FMFIU$5FU$5FOFT$5FPeU$5FJUNF
=504  \\$aIncludes bibliographical references (p. 89-91).
=530  \\$aAlso available in PDF format on the District's web site.$5FU
=650  \0$aArtificial groundwater recharge$zFlorida$zVolusia County$xMathematical models.
=650  \0$aWater-supply$zFlorida$zVolusia County$xComputer simulation.
=650  \0$aArtificial recharge of groundwater$zFlorida$zVolusia County$xMathematical models.
=650  \0$aGroundwater flow$zFlorida$zVolusia County$xMathematical models.
=650  \0$aGroundwater flow$zFlorida$zVolusia County$xComputer simulation.
=650  \0$aAquifers$zFlorida$zVolusia County$xComputer simulation.
=650  \0$aGroundwater flow$zFlorida$zSaint Johns River Region$xComputer simulation.
=650  \0$aGroundwater flow$zFlorida$zFlagler County$xComputer simulation.
=651  \0$aSt. Johns River Water Management District (Fla.)
=710  2\$aSt. Johns River Water Management District (Fla.)
=830  \0$aTechnical publication (St. Johns River Water Management District) ;$vSJ97-3.
=830  \0$aTechnical publication (St. Johns River Water Management District, (Fla.)) ;$vSJ 95-5.
=830  \0$aTechnical publication (St. Johns River Water Management District ( Fla.)) ;$vSJ97-3.
=856  41$uhttp://sjr.state.fl.us/programs/outreach/pubs/techpubs/pdfs/TP/SJ97-3.pdf$5FU
=098  97$aFCD.C3:T32/97-3
=951  \\$107$aCFU01:001930908;$5FOFT
=951  \\$104$aFIU01:000758599;$5FMFIU
=951  \\$105$aFSU01:001650742;$5FTaSU
=951  \\$109$aNFU01:000441509;$5FJUNF
=951  \\$110$aSFU01:001136554;$5FTS
=951  \\$108$aUFU01:002286809;$5FU
=951  \\$111$aWFU01:000423008;$5FPeU

