=LDR  00899nam a2200265I  4500
=001  024401443
=005  20120623004200.0
=008  780112s1886\\\\fr\\\\\\b\\\\\000|0\fre\u
=035  \\$a(OCoLC)03554325
=040  \\$cFTU
=090  \\$aHQ1121$b.G47 no. 1834.2
=100  1\$aMantegazza, Paolo,$d1831-1910.
=245  10$aPhysiologie de l'amour,$cpar P. Mantegazza.
=250  \\$aTrad. sur la 4. éd italienne.
=260  \\$aParis,$bFetscherin et Chuit,$c1886.
=300  \\$a5 sheets (393 p.)$c11 x 15 cm.
=490  1\$aGerritsen women's history ;$vno. 1834.2$5FOFT
=490  0\$aBibliotheque scientifique universelle.$5FOFT
=501  \\$aBound with his Hygiène de l'amour, Paris, 1887?$5FOFT
=504  \\$aBibliographical footnotes.
=650  \0$aSex.
=650  \0$aSexual ethics.
=650  \0$aLove.
=830  \0$aGerritsen collection of women's history ;$vno. 1834.2
=951  \\$107$aCFU01:000153749;$5FOFT

