=LDR  01389nam a2200325Ii 4500
=001  024419550
=005  20120623035400.0
=008  760816s1975\\\\paubd\\\\\\\\\000|0\eng\d
=019  \\$a02378020
=035  \\$a(OCoLC)02376393
=040  \\$aEAU$cEAU$dFGM
=090  \\$aHT371$b.P88
=090  \\$aHT392.5.N67$bP87
=100  1\$aPutman, Stephen H.
=245  13$aAn empirical model of regional growth :$bwith an application to the northeast megalopolis /$cStephen H. Putman.
=260  \\$aPhiladelphia :$bRegional Science Research Institute,$c1975.
=300  \\$avii, 276 p. :$bill. ;$c22 cm.
=410  20$aRegional Science Research Institute.$tMonograph series ;$vno. 6$5FU
=490  0\$aRegional Science Research Institute. Monograph series ; no. 6$5FBoU
=490  1\$aRegional Science Research Institute. Monograph series ;$vno. 6$5FTaSU
=504  \\$aBibliography: p. 255-276.
=650  \0$aCities and towns$xGrowth$xMathematical models
=650  \0$aRegional planning$zNortheastern States$xMathematical models.
=650  \0$aEconomic development$xMathematical models.
=650  \0$aMetropolitan areas$zNortheastern States.
=650  \0$aRegional planning$xResearch$zNortheastern States.
=830  \0$aMonograph series (Regional Science Research Institute) ;$vno. 6.
=951  \\$102$aFAU01:000171955;$5FBoU
=951  \\$105$aFSU01:000283068;$5FTaSU
=951  \\$108$aUFU01:000151176;$5FU

