=LDR  01017cam a2200289 i 4500
=001  024438425
=005  20051115132641.0
=008  800213s1978\\\\pe\a\\\\\\\\\\000|0\spa\\
=010  \\$a   79117042 //r86
=019  \\$a6088308
=035  \\$a(OCoLC)05285100
=040  \\$aDLC$cDLC
=043  \\$as-pe---
=050  0\$aF3429.3.E2$bD44
=082  0\$a305.8/98/085
=100  1\$aDelran C., Guido.
=245  10$aHistoria rural del Perú /$cGuido Delran C.
=260  \\$aCusco :$bCentro de Estudios Rurales Andinos Bartolomé de Las Casas,$c[1978 or 1979]
=300  \\$a192 p. :$bill. ;$c22 cm.
=490  1\$aSerie Historia y sociedad ;$vno. 1$5FU
=490  0\$aCuadernos de capacitación campesina$5FU
=650  \0$aIndians of South America$zPeru$xEconomic conditions.
=650  \0$aIndians of South America$zPeru$xGovernment relations.
=651  \0$aPeru$xRural conditions.
=651  \0$aPeru$xPolitics and government.
=830  \0$aSerie Historia y sociedad (Valladolid, Spain) ;$vno. 1.
=951  \\$108$aUFU01:001112257;$5FU

