=LDR  03167cam a22004934a 4500
=001  024455876
=005  20060807155643.0
=008  050203s2005\\\\cau\\\\\\b\\\\001\0\eng\\
=010  \\$a2005003169
=020  \\$a0817946020 (alk. paper)
=020  \\$a0817946012 (casebound : alk. paper)
=020  \\$a0817946020 (pbk. : alk. paper)
=024  3\$a9780817946029
=035  \\$a(OCoLC)57641353
=035  \\$b40012023287
=035  \\$a(ALEPHNF)668482
=040  \\$aDLC$cDLC$dC#P$dBAKER$dJPK$dFNP
=042  \\$apcc
=043  \\$an-us---
=050  00$aKF4549$b.C68 2005
=082  00$a340/.115$222
=245  02$aA country I do not recognize :$bthe legal assault on American values /$cedited by Robert H. Bork.
=260  \\$aStanford, Calif. :$bHoover Institution Press :$bStanford University,$cc2005.
=300  \\$axxxvi, 196 p. ;$c24 cm.
=490  1\$aHoover Institution Press publication ;$vno. 535$5FTS$5FMFIU$5FU
=490  1\$aHoover Institution Press publication series ;$v535$5FJUNF$5FTaSU
=504  \\$aIncludes bibliographical references and index.
=505  0\$aTable of contents only: http://www.loc.gov/catdir/toc/ecip057/2005003169.html$5FTS
=505  0\$aConstitutional law without the Constitution : the Supreme Court's remaking of America / Lino A. Graglia -- The perverse paradoxes of privacy / Gary L. McDowell -- A Court tilting against religious liberty / Terry Eastland -- The new diplomacy threatens American sovereignty and values / David Davenport -- The dangerous myth of universal jurisdiction / Lee A. Casey and David B. Rivkin, Jr.$5FTS$5FMFIU$5FU
=505  0\$aConstitutional law without the Constitution : the Supreme Court's remaking of America / Lino A. Graglia -- The perverse paradoxes of privacy / Gary L. McDowell -- A Court tilting against religious liberty / Terry Eastland -- The new diplomacy threatens American sovereignty and values / David Davenport -- The dangerous myth of universal jurisdiction / Lee A. Casey & David B. Rivkin, Jr.$5FJUNF$5FTaSU
=520  1\$a"During the past forty years, activists have repeatedly used the court system to achieve social and political change. On both the domestic and international fronts, they have accomplished substantive policy results that could not otherwise be obtained through the ordinary political process of government both in the United States and abroad. In five essays, the contributors to this volume show how these legal decisions have seriously undermined America's sovereignty and values."--BOOK JACKET.
=610  10$aUnited States.$bSupreme Court.
=650  \0$aConstitutional law$zUnited States.
=650  \0$aPolitical questions and judicial power$zUnited States.
=650  \0$aSocial values$zUnited States.
=650  \0$aSociological jurisprudence.
=700  1\$aBork, Robert H.
=830  \0$aHoover Institution Press publication ;$v535.
=856  42$3Table of contents$uhttp://www.loc.gov/catdir/toc/ecip057/2005003169.html$5FTaSU$5FMFIU
=951  \\$104$aFIU01:001278956;$5FMFIU
=951  \\$105$aFSU01:002330829;$5FTaSU
=951  \\$109$aNFU01:000668482;$5FJUNF
=951  \\$110$aSFU01:001664269;$5FTS
=951  \\$108$aUFU01:003435282;$5FU

