=LDR  01257cam a2200325Ia 4500
=001  024476110
=005  20120623065900.0
=008  900801s1990\\\\dcu\\\\\\b\\\f001|0\eng\d
=035  \\$a(OCoLC)22166682
=040  \\$aAJB$cAJB$dFWA
=043  \\$an-ns---
=074  \\$a768-C-1
=086  \\$aL 2.3:2360
=245  00$aProductivity :$ba selected, annotated bibliography, 1983-87 /$cU. S. Dept. of Labor, Bureau of Labor Statistics.
=260  \\$aWashington :$bFor sale by the Supt. of Docs., U.S. Govt. Print. Off.,$c1990.
=300  \\$av, 160 p. ;$c27 cm.
=490  1\$aBulletin / Bureau of Labor Statistics ;$v2360$5FJUNF$5FU
=490  1\$aBulletin ;$v2360$5FMFIU$5FPeU
=500  \\$aIncludes index.$5FMFIU$5FPeU$5FJUNF$5FU
=500  \\$a"May 1990".$5FMFIU$5FPeU$5FJUNF$5FU
=650  \0$aProduction (Economic theory)$xBibliography.
=650  \0$aLabor productivity$xBibliography.
=650  \0$aIndustrial productivity$xBibliography.
=710  1\$aUnited States.$bBureau of Labor Statistics.
=830  \0$aBulletin of the United States Bureau of Labor Statistics ;$v2360.
=098  98$aL2.3:2360
=951  \\$104$aFIU01:001115484;$5FMFIU
=951  \\$109$aNFU01:000325765;$5FJUNF
=951  \\$108$aUFU01:001851158;$5FU
=951  \\$111$aWFU01:000336719;$5FPeU

