=LDR  01370nam a2200373 i 4500
=001  024489410
=005  20080422075753.0
=008  751021s1975\\\\gw\\\\\\\b\\\\000|0\ger\d
=010  \\$a   76454785 
=020  \\$a3770510852
=035  \\$a(OCoLC)01721710
=040  \\$aDLC$cDLC$dFDA
=043  \\$ae-gx---
=050  0\$aPT205$b.P4 1975
=090  \\$aPQ1448$b.P45
=090  \\$aP25$b.M4 Bd.28
=092  \\$a410.8$bM491, v.28
=100  1\$aPeil, Dietmar.
=245  14$aDie Gebärde bei Chrétien, Hartmann und Wolfram :$bErec, Iwein, Parzival /$cvon Dietmar Peil.
=260  \\$aMünchen :$bW. Fink,$c1975.
=300  \\$a346 p. ;$c24 cm.
=490  0\$aMedium aevum; philologische Studien ; Bd. 28$5FTaSU
=490  1\$aMedium aevum, philologische Studien ;$vBd. 28$5FU
=500  \\$aOriginally presented as the author's thesis, Münster.$5FTaSU
=504  \\$aBibliography: p. 331-344.
=600  00$aWolfram,$cvon Eschenbach,$dactive 12th century.
=600  00$aHartmann,$cvon Aue,$d12th cent.
=600  00$aChrétien,$cde Troyes,$dactive 12th century.
=650  \0$aEpic poetry, German$xHistory and criticism.
=650  \0$aGerman poetry$yMiddle High German, 1050-1500$xHistory and criticism.
=650  \0$aGesture in literature.
=830  \0$aMedium Aevum (Munich, Germany) ;$vBd. 28
=951  \\$105$aFSU01:000239923;$5FTaSU
=951  \\$108$aUFU01:000134652;$5FU

