=LDR  01342nam a22003498i 4500
=001  024506210
=005  20111004124755.0
=008  760929c19771973nyu\\\\\\b\\\\000|0\eng\\
=010  \\$a   76040783 
=020  \\$a0405098898
=035  \\$a(OCoLC)02524609
=040  \\$aDLC$cDLC$dFDA
=050  0\$aPN1998.A3$bM744 1977
=082  0\$a791.43/01
=090  \\$aPN1998.A3$bM744 1977
=100  1\$aFredericksen, Donald Laurence.
=245  14$aThe aesthetic of isolation in film theory:$bHugo Münsterberg /$cDonald Laurence Fredericksen.
=260  \\$aNew York :$bArno Press,$c1977.
=300  \\$a359 p. ;$c24 cm.
=440  \0$aDissertations on film series$5FU$5FTS
=440  \4$aThe Arno Press cinema program.$5FTS
=490  0\$aThe Arno Press cinema program)(Dissertations on film series$5FBoU$5FTaSU
=490  0\$aThe Arno Press cinema program$5FU
=500  \\$aOriginally presented as the author's thesis, University of Iowa, 1973.$5FBoU$5FU$5FTS$5FTaSU
=504  \\$aIncludes bibliographical references (p. 351-359).
=600  10$aMünsterberg, Hugo,$d1863-1916.
=650  \0$aMotion pictures$xAesthetics.
=830  \0$aArno Press cinema program.$pDissertations on film series
=951  \\$102$aFAU01:000175267;$5FBoU
=951  \\$105$aFSU01:000290764;$5FTaSU
=951  \\$110$aSFU01:000269998;$5FTS
=951  \\$108$aUFU01:000156167;$5FU

