=LDR  02116nam a2200409Ka 4500
=001  024523754
=005  20130327164609.0
=006  m\\\\\\\\d\f\\\\\\
=008  070409s2005\\\\mdu\\\\\s\\\\f000\0\eng\d
=035  \\$a(OCoLC)122902652
=040  \\$aGPO$cGPO$dMvI
=043  \\$an-us---
=074  \\$a0516-X-03 (online)
=086  0\$aSSA 1.25/2:120
=100  1\$aBell, Felicitie C.
=245  10$aLife tables for the United States social security area, 1900-2100$h[electronic resource] /$cby Felicitie C. Bell and Michael L. Miller.
=260  \\$a[Baltimore, Md.] :$bSocial Security Administration, Office of the Chief Actuary,$c[2005]
=300  \\$avii, 186 p. :$bdigital, PDF file.
=490  1\$aActuarial study ;$vno. 120$5FPeU$5FBoU$5FOFT$5FMFIU
=490  1\$aSSA pub. ;$vno. 11-11536$5FPeU$5FBoU$5FOFT$5FMFIU
=500  \\$aTitle from title screen (viewed on Apr. 9, 2007).$5FPeU$5FBoU$5FOFT$5FMFIU
=500  \\$a"August 2005."$5FPeU$5FBoU$5FOFT$5FMFIU
=500  \\$a"These tables supersede those published in Actuarial Study 116 ..."Introduction.$5FPeU$5FBoU$5FOFT$5FMFIU
=538  \\$aMode of access: Internet from the SSA web site. Address as of 4/9/07: http://www.ssa.gov/OACT/NOTES/pdfs̲tudies/study120.pdf; current access is available via PURL.$5FPeU$5FBoU$5FOFT$5FMFIU
=650  \0$aMortality$zUnited States$vTables.
=651  \0$aUnited States$vStatistics, Vital.
=700  1\$aMiller, Michael L.
=710  1\$aUnited States.$bSocial Security Administration.$bOffice of the Chief Actuary.
=776  0\$aBell, Felicitie, C.$tLife tables for the United States social security area, 1900-2100$hvii, 186 p.$w(OCoLC)61744112
=830  \0$aActuarial study (United States. Social Security Administration. Office of the Chief Actuary) ;$vno. 120.
=830  \0$aSSA publication ;$vno. 11-11536
=856  40$uhttp://purl.access.gpo.gov/GPO/LPS51675$5FPeU$5FBoU$5FTS$5FOFT
=856  40$uhttp://purl.access.gpo.gov/GPO/LPS80312$5FMFIU$5FTS
=951  \\$107$aCFU01:001388952;$5FOFT
=951  \\$102$aFAU01:001318678;$5FBoU
=951  \\$104$aFIU01:001349087;$5FMFIU
=951  \\$111$aWFU01:000724731;$5FPeU

