=LDR  02450nam a2200505 a 4500
=001  024537264
=005  20110706124136.0
=006  m\\\\|\\\d\|\\\\\\
=007  cr||n||||||||n
=008  070228s1838\\\\gw\\\\\\s\\\\\000\1\ger\d
=035  \\$a(CStRLIN)TGPSM07-B252
=040  \\$aTGPSM$cUtOrBLW$dThomson Gale
=041  1\$ager$heng
=043  \\$an-us-ri
=050  \4$aE18
=100  1\$aCooper, James Fenimore,$d1789-1851.
=240  10$aRed Rover.$lGerman
=245  14$aDer Rothe Freibeuter$h[electronic resource] :$beine Erzählung /$cvon James Fenimore Cooper.
=250  \\$a2. Aufl.
=260  \\$aFrankfurt am Main :$bJ.D. Sauerländer,$c1838.
=300  \\$a2 v.
=490  1\$aJ.F. Cooper's Sämmtliche Werke ;$v37. Bd.$5FMFIU
=490  1\$aJ.F. Cooper's Sämmtliche Werke ;$v38. Bd.$5FMFIU
=490  1\$aJ.F. Cooper's Sämmtliche Werke ;$v39. Bd.$5FMFIU
=490  1\$aJ.F. Cooper's Sämmtliche Werke ;$v40. Bd.$5FMFIU
=490  1\$aJ.F. Cooper's Sämmtliche Werke ;$v41. Bd.$5FMFIU
=490  1\$aJ.F. Cooper's Sämmtliche Werke ;$v42. Bd.$5FMFIU
=500  \\$aReproduction of the original from Yale University Libraries.$5FMFIU
=500  \\$aSabin no. 16563.$5FMFIU
=533  \\$aElectronic reproduction.$bFarmington Hills, Mich. :$cThomson Gale,$d2007.$nAvailable via the World Wide Web.$nAccess limited by licensing agreements.$7s2007 miunns.$5FMFIU
=590  \\$aScanned copy imperfect: v. 2, pagination error on p. 60, 62, 61, and 63.$5FMFIU
=590  \\$aArts and Literature; Early Republic.$5FMFIU
=590  \\$a2007Y024909; 2007Y024910.$5FMFIU
=650  \0$aSeafaring life$vFiction.
=650  \0$aPirates$vFiction.
=651  \0$aNewport (R.I.)$vFiction.
=655  \0$aElectronic books.
=800  1\$aCooper, James Fenimore,$d1789-1851.$tWorks.$lGerman.$f1838 ;$v37. Bd.
=800  1\$aCooper, James Fenimore,$d1789-1851.$tWorks.$lGerman.$f1838 ;$v38. Bd.
=800  1\$aCooper, James Fenimore,$d1789-1851.$tWorks.$lGerman.$f1838 ;$v39. Bd.
=800  1\$aCooper, James Fenimore,$d1789-1851.$tWorks.$lGerman.$f1838 ;$v40. Bd.
=800  1\$aCooper, James Fenimore,$d1789-1851.$tWorks.$lGerman.$f1838 ;$v41. Bd.
=800  1\$aCooper, James Fenimore,$d1789-1851.$tWorks.$lGerman.$f1838 ;$v42. Bd.
=856  40$uhttp://ezproxy.fiu.edu/login?url=http://galenet.galegroup.com/servlet/Sabin?af=RN&ae=CY106969563&srchtp=a&ste=14&locID=miam11506$yFIU users: view content here$5FMFIU
=951  \\$104$aFIU01:001711678;$5FMFIU

