=LDR  01075cam a2200325 i 4500
=001  024552950
=005  20120623034900.0
=008  770504s1977\\\\sp\\\\\\\b\\\\000|0\spa\\
=010  \\$a   77467750 //r852
=015  \\$aSp***
=020  \\$a8420616419
=035  \\$a(OCoLC)02983430
=040  \\$aDLC$cDLC$dFXG
=050  0\$aPQ6639.N3$bA17 1977
=082  0\$a861/.6/2
=090  \\$aPQ6639.N3$bA17 1977
=100  1\$aUnamuno, Miguel de,$d1864-1936.
=240  10$aPoems.$f1977
=245  10$aAntología poética /$cMiguel de Unamuno ; selección e introducción de José María Valverde.
=260  \\$aMadrid :$bAlianza Editorial,$cc1977.
=300  \\$a110 p. ;$c18 cm.
=490  0\$aEl Libro de bolsillo ;$v641$5FMFIU
=490  0\$aSección Literatura$5FMFIU
=490  1\$aEl Libro de bolsillo ; 641 : Sección Literatura$5FTS
=504  \\$aBibliography: p. 13-16.
=700  1\$aValverde, José María,$d1926-
=830  \0$aLibro de bolsillo.$pLiteratura.
=830  \0$aLibro de bolsillo ;$v641.
=951  \\$104$aFIU01:000633755;$5FMFIU
=951  \\$110$aSFU01:000286493;$5FTS

