=LDR  00950cam a2200265I  4500
=001  024573281
=005  20120623021400.0
=008  751103s1932\\\\vp\\\\\\\\\\\\000|0\engm\
=010  \\$a   32011689 
=035  \\$a(OCoLC)01800841
=040  \\$aDLC$cJPL$dOCL
=050  0\$aDA630$bB7
=082  0\$a914.2
=100  1\$aBlunden, Edmund,$d1896-1974.
=245  14$aThe face of England in a series of occasional sketches,$cby Edmund Blunden.
=260  \\$aLondon,$aNew York,[etc.]$bLongmans, Green and co.$c1932.
=300  \\$axiv, 178 p.$c18 cm.
=490  0\$aHalf title: The English heritage series.$5FU
=490  1\$aThe English heritage series$5FTaSU
=500  \\$aRemembered incidents and scenes.$5FU$5FTaSU
=651  \0$aGreat Britain$xDescription and travel.
=651  \0$aGreat Britain$xSocial life and customs.
=830  \0$aEnglish heritage series (Longmans, Green, and Co.)
=951  \\$105$aFSU01:000653751;$5FTaSU
=951  \\$108$aUFU01:000635395;$5FU

