=LDR  02982pam a2200421 a 4500
=001  024588800
=005  20050429180444.0
=008  970904s1998\\\\nyu\\\\\\b\\\\001\0\eng\\
=010  \\$a97031613
=015  \\$aGB98-23220
=019  \\$a38854726
=020  \\$a0805716424 (alk. paper)
=035  \\$a(OCoLC)37606172
=040  \\$aDLC$cDLC$dFUG$dOrLoB-B
=043  \\$an-us---
=050  00$aPS3545.I6245$bZ587 1998
=082  00$a818/.5209$221
=100  1\$aCastronovo, David.
=245  10$aEdmund Wilson revisited /$cDavid Castronovo.
=260  \\$aNew York :$bTwayne Publishers ;$aLondon :$bPrentice Hall International,$cc1998.
=300  \\$axii, 170 p. ;$c23 cm.
=440  \0$aTwayne's United States authors series ;$vTUSAS 695$5FTS$5FTaSU$5FOFT$5FMFIU$5FU
=490  0\$aTwayne's United States authors series ; TUSAS 695$5FPeU
=490  0\$aTwayne's United States authors series ;$vTUSAS 695$5FBoU
=504  \\$aIncludes bibliographical references (p. 156-161) and index.
=520  1\$a"From the jazz age to the Nixon years, Edmund Wilson was an intrepid critic, historian, journalist, and creative writer who communicated in the voice of the public intellectual with a general audience and with international peers including Isaiah Berlin and Vladimir Nabokov. This new, revised edition of a 1985 New York Times Notable Book is about Wilson's passions: his commitment to the writer's craft, his contempt for power politics in his time and in history, his appetite for ancient and modern languages and literatures, and his many loves and eccentricities." "Moving from his 1920s days as a cultural journalist to his 1930s period as a reporter on Depression America to his later years of relentless research and writings on the Civil War, the Dead Sea Scrolls, and the panorama of his long life in literature, Edmund Wilson Revisited analyzes the books and opinions that have made Wilson a landmark figure. Chapters devoted to literary ideas, reporting, revolutionary politics, and personal philosophy reveal grand patterns of a writer's career as they follow his life across the century. Readers will discover Wilson's renaissance outreach as he explored Iroquois Indian customs, Hebrew texts, Marx and Engels, and the work of famous friends such as Edna St. Vincent Millay, F. Scott Fitzgerald, and many other writers whom he brought into focus and championed."--BOOK JACKET.
=600  10$aWilson, Edmund,$d1895-1972$xCriticism and interpretation.
=600  10$aWilson, Edmund,$d1895-1972$xKnowledge$xLiterature.
=650  \0$aCriticism$zUnited States$xHistory$y20th century.
=830  \0$aTwayne's United States authors series ;$vTUSAS 695
=951  \\$107$aCFU01:000750855;$5FOFT
=951  \\$102$aFAU01:000684346;$5FBoU
=951  \\$104$aFIU01:000758905;$5FMFIU
=951  \\$105$aFSU01:001660306;$5FTaSU
=951  \\$109$aNFU01:000462929;$5FJUNF
=951  \\$110$aSFU01:001143389;$5FTS
=951  \\$108$aUFU01:002330799;$5FU
=951  \\$111$aWFU01:000443300;$5FPeU

