=LDR  00951nam a2200289 a 4500
=001  024604889
=005  20120623072900.0
=008  841012s1983\\\\bl\\\\\\\b\\\f000|0\por\\
=010  \\$a   84153076 
=020  \\$c{dollar}6.00
=035  \\$a(OCoLC)10648937
=040  \\$aDLC$cDLC$dFDA
=043  \\$as-bl---
=050  0\$aPQ9514$b.M36 1983
=082  0\$a869/.09/981$219
=090  \\$a$b
=090  \\$aPQ9514$b.M375 1983
=100  1\$aMartins, Heitor.
=245  10$aDo Barroco a Guimarães Rosa /$cHeitor Martins.
=260  \\$aBelo Horizonte :$bEditora Itatiaia em convênio com o Instituto Nacional do Livro, Fundação Nacional Pró-Memória,$c1983.
=300  \\$a247 p. ;$c21 cm.
=490  0\$aColeção Ensaios ;$vv. 12$5FTaSU
=490  0\$aColeção Ensaios ;$v12$5FU
=504  \\$aIncludes bibliographical references.
=650  \0$aBrazilian literature$xHistory and criticism.
=951  \\$105$aFSU01:000623213;$5FTaSU
=951  \\$108$aUFU01:000399656;$5FU

