=LDR  01534nam a2200385 i 4500
=001  024615498
=005  20110301134917.0
=008  780929s1978\\\\tnua\\\\\b\\\\000|0\eng\\
=010  \\$a78104501  
=020  \\$c{dollar}8.50
=035  \\$a(OCoLC)03971187
=040  \\$aDLC$cDLC$dFUG
=050  0\$aGN799.T6$bL57
=082  0\$a930/.1/028
=090  \\$aGN799.T6$bL57
=090  \\$aGN2$b.V36 no. 20
=245  00$aLithics and subsistence :$bthe analysis of stone tool use in prehistoric economies /$cedited by Dave D. Davis ; with contributions by T. Douglas Price ... [et al.].
=260  \\$aNashville :$bVanderbilt University,$c1978.
=300  \\$aiii, 198 p. :$bill. ;$c28 cm.
=440  \0$aVanderbilt University publications in anthropology ;$vno. 20$5FTS
=490  1\$aVanderbilt University publications in anthropology ; no. 20$5FOFT$5FBoU$5FTaSU
=490  1\$aVanderbilt University publications in anthropology ;$vno. 20$5FU
=504  \\$aIncludes bibliographies.
=650  \0$aStone implements.
=650  \0$aPrehistoric peoples$xTools
=650  \0$aTools, Prehistoric.
=700  1\$aDavis, Dave D.
=700  1\$aPrice, T. Douglas$q(Theron Douglas)
=810  2\$aVanderbilt University.$tVanderbilt University publications in anthropology ;$vno. 20
=830  \0$aVanderbilt University publications in anthropology ;$vno. 20.
=951  \\$107$aCFU01:000161612;$5FOFT
=951  \\$102$aFAU01:000201378;$5FBoU
=951  \\$105$aFSU01:000365177;$5FTaSU
=951  \\$110$aSFU01:000313966;$5FTS
=951  \\$108$aUFU01:000204150;$5FU

