=LDR  01011nam a2200265I  4500
=001  024649575
=005  20140211125750.0
=008  740924s1927\\\\vau\\\\\\b\\\\000|0\spa\u
=010  \\$a   27002210 
=035  \\$a(OCoLC)01019708
=040  \\$cBUF$dm.c.$dFDA
=050  0\$aPQ6502$b.S7 1927
=100  1\$aAlarcón, Pedro Antonio de,$d1833-1891.
=245  13$aEl sombrero de tres picos,$cpor d. Pedro A. de Alarcón; edited with introduction, footnotes, exercises, and vocabulary, by Charles B. Qualia.
=260  \\$aRichmond, Va.,$bJohnson Pub. Co.$c[c1927]
=300  \\$axxi p., 2 l., 3-256 p.$bfront. (port.) illus.$c20 cm.
=490  1\$aAmerican-Spanish series$5FMFIU
=490  0\$aSpanish series$5FTaSU$5FTaFA
=504  \\$aBibliography: p. 189-191.
=600  10$aQualia, Charles Blase,$eed.
=700  1\$aQualia, Charles Blase,$eed.
=830  \0$aAmerican-Spanish series.
=899  \0$aEnrique Hurtado de Mendoza collection.$5FMFIU
=951  \\$101$aAMU01:000158513;$5FTaFA
=951  \\$105$aFSU01:000177552;$5FTaSU

