=LDR  01044nam a2200253I  4500
=001  024668363
=005  20120623022300.0
=008  780719s1904\\\\ilu\\\\\b\\\\\000|0\eng\u
=035  \\$a(OCoLC)04064420
=040  \\$cFTU
=090  \\$aHQ1121$b.G47 no. 63
=110  2\$aAmerican Association of University Women.$bChicago Branch.$bEmployment Committee.
=245  10$aPublic and social service as vocations for college women;$btogether with a statement of preparatory professional courses offered by the colleges belonging to the Association of College Alumnae.
=260  \\$a[Chicago,$c1904]
=300  \\$a1 sheet (8 p.)$c11 x 15 cm.
=490  1\$aGerritsen women's history ;$vno. 63$5FOFT
=490  1\$aGerritsen women's history, no. 63$5FMFIU
=500  \\$aCaption title.$5FOFT$5FMFIU
=650  \0$aWomen$xEmployment.
=650  \0$aVocational guidance.
=830  \0$aGerritsen collection of women's history ;$vno. 63
=830  \0$aGerritsen collection of women's history.
=951  \\$107$aCFU01:000163632;$5FOFT
=951  \\$104$aFIU01:000677621;$5FMFIU

