=LDR  01081ncm a2200301Ii 4500
=001  024678616
=005  20100913131620.0
=008  770929q19001977nyu\\\\\\\\\\\000|0\ita\d
=035  \\$a(OCoLC)03304529
=040  \\$aWSU$cWSU$dFXG
=041  0\$aitagereng
=090  \\$aM1530.H22$bA2
=090  \\$aM3$b.H263 no.1295
=100  1\$aHandel, George Frideric,$d1685-1759.
=240  10$aAci, Galatea, e Polifemo.$sVocal score.$lItalian
=245  00$aAci, Galatea, e Polifemo :$bserenata /$cdi G. F. Händel.
=260  \\$aNew York :$bEdwin F. Kalmus,$c[19--]
=300  \\$aminiature score (100 p.) ;$c27 cm.
=490  0\$aKalmus miniature score series ; no. 1295$5FMFIU$5FTS
=490  0\$aWorks / G.F. Handel$5FTS
=500  \\$aPreface in German and English.$5FMFIU$5FTS
=500  \\$aTwo versions, composed in 1708 and 1732.$5FMFIU$5FTS
=500  \\$aPl. no.: H.W. 53.$5FTS
=650  \0$aCantatas, Secular$vScores.
=650  \0$aMasques with music$xScores.
=730  00$a[Aci, Galatea, e Polifemo.$lItalian]
=951  \\$104$aFIU01:000172889;$5FMFIU
=951  \\$110$aSFU01:000411129;$5FTS

