=LDR  02035cam a2200481 a 4500
=001  024690333
=005  20101011160023.0
=008  830422s1982\\\\couaf\\\\b\\\\001|0\eng\\
=010  \\$a   81065694 
=019  \\$a8918855
=020  \\$a0930888138
=035  \\$a(OCoLC)09094221
=040  \\$aDLC$cDLC$dFDA
=043  \\$ae-hu---
=050  0\$aUA646.8$b.W36 1982 vol. 3
=050  0\$aUA646.8$b.W36 1982 vol. 3$aUA829.H9
=050  0\$aUA646.8$b.W36 v.3
=082  0\$a355/.00947 s$a306/.27/09439$219
=090  \\$aUA829.H9$bF76 1982
=245  00$aFrom Hunyadi to Rákóczi :$bwar and society in late medieval and early modern Hungary /$cedited by János M. Bak, Béla K. Király.
=260  \\$a[Boulder] :$bSocial Science Monographs ;$a[New York] :$bBrooklyn College Press :$bDistributed by Columbia University Press,$c1982.
=300  \\$axiv, 545 p., [15] p. of plates :$bill. ;$c23 cm.
=440  \0$aEastern European monographs ;$vno. 104$5FTS
=490  0\$aWar and society in Eastern Central Europe ;$vv. 3$5FTaSU$5FTS$5FU
=490  1\$aAtlantic studies$5FU
=490  1\$aStudies on society in change ;$vno. 12$5FU
=490  1\$aEastern European monographs ;$vno. 104$5FTaSU$5FU
=490  1\$aAtlantic studies ;$vno. 12$5FTaSU$5FTS
=500  \\$aSeries title also presented as Studies on society in change.$5FTaSU
=500  \\$aREPL*$5FU
=500  \\$aSeries title (Atlantic studies) also presented as: Studies on society in change.$5FTS
=504  \\$aIncludes bibliographical references and index.
=650  \0$aMilitary art and science$zHungary$xHistory.
=650  \0$aSociology, Military$zHungary.
=651  \0$aHungary$xHistory, Military.
=700  1\$aKirály, Béla K.,$d1912-2009.
=700  1\$aBak, János M.
=830  \0$aWar and society in East Central Europe ;$vv. 3.
=830  \0$aAtlantic studies (New York, N.Y.) ;$vno. 12.
=830  \0$aEast European monographs ;$vno. 104.
=951  \\$105$aFSU01:000626154;$5FTaSU
=951  \\$110$aSFU01:000678480;$5FTS
=951  \\$108$aUFU01:000383893;$5FU

