=LDR  01088nam a2200313I  4500
=001  024704248
=005  20120623062000.0
=008  811223s1965\\\\bl\ac\\\\b\\\\000|0\por\d
=035  \\$a(OCoLC)08020189
=040  \\$aNAM$cNAM$dFUG
=043  \\$as-bl---
=090  \\$aF2537$b.F2 1965
=099  \\$a981.3$aF142c
=100  1\$aFacó, Rui,$d1913-1963.
=245  10$aCangaceiros e fanáticos;$bgênese e lutas.
=250  \\$a2. ed.
=260  \\$aRio de Janeiro,$bEditôra Civilização Brasileira$c[1965]
=300  \\$a226 p.$billus., ports.$c22 cm.
=490  1\$aRetratos do Brasil ;$vv. 15$5FMFIU
=490  1\$aRetratos do Brasil, v.15$5FU
=504  \\$aIncludes bibliographical references (p. 225-226).
=651  \0$aBrazil, Northeast$xHistory.
=651  \0$aBrazil, Northeast$xSocial conditions.
=651  \0$aBrazil$xHistory$yCanudos Campaign, 1893-1897.
=651  \0$aJuàzeiro do Norte (Brazil)$xHistory.
=830  \0$aColecao Retratos do Brasil,$vv.15
=830  \0$aColeção Retratos do Brasil ;$vv. 15.
=951  \\$104$aFIU01:000396777;$5FMFIU
=951  \\$108$aUFU01:001627313;$5FU

