=LDR  01703cam a2200433I  4500
=001  024717673
=005  20060130101414.0
=008  770816s1925\\\\nyuf\\\j\\\\\\000\1\eng\\
=010  \\$a25004770
=035  \\$a(OCoLC)03193346
=040  \\$aDLC$cLDL$dLDL$dOCLCQ
=043  \\$an-us-nm$an-us-az$an-us-ca
=050  00$aPZ7.R813$bPo
=090  \\$aPS3505.O98$bS689 1925
=100  1\$aRoy, Lillian Elizabeth,$d1868-1932.
=245  10$aPolly in the Southwest,$cby Lillian Elizabeth Roy. Illustrated by H.S. Barbour.
=246  30$aPolly in the South West
=260  \\$aNew York$bGrosset & Dunlap$cc1925.
=300  \\$a3 p. l., 276 p.$bfront., plates;$c20 cm.
=490  0\$aPolly Brewster series.$5FTS
=490  1\$aThe Polly Brewster Series / by Lillian Elizabeth Roy$5FU
=500  \\$a"Made in the United States of America"$5FU
=590  \\$aOriginal cloth, board.$5FTS
=650  \0$aCourtship$vJuvenile fiction.
=650  \0$aVoyages and travels$vJuvenile fiction.
=650  \0$aAdventure and adventurers$vJuvenile fiction.
=651  \0$aNew Mexico$xDescription and travel$vJuvenile fiction.
=651  \0$aArizona$xDescription and travel$vJuvenile fiction.
=651  \0$aCalifornia$xDescription and travel$vJuvenile fiction.
=655  \7$aDust jackets (Binding)$y1925.$2rbbin
=655  \7$aWestern stories$y1925.$2rbgenr
=655  \7$aPublishers' advertisements$y1925.$2rbgenr
=690  \4$aBldn$y1925.$5FU
=700  1\$aBarbour, Harold S.,$d1889-1961.
=710  2\$aGrosset & Dunlap.
=710  2\$aChildren's Literature Collection.$5FTS
=800  1\$aRoy, Lillian Elizabeth,$d1868-1932.$tPolly Brewster series.
=951  \\$110$aSFU01:001674272;$5FTS
=951  \\$108$aUFU01:002467335;$5FU

