=LDR  10456cam a2200481Ia 4500
=001  024738098
=005  20110303072749.0
=008  090716s2009\\\\nyua\\\\\bt\\\001\0\eng\d
=010  \\$a2009926172
=020  \\$a160761197X
=020  \\$a9781607611974
=035  \\$a(OCoLC)426115141
=040  \\$aYDXCP$cYDXCP$dCUS$dBWX$dFUH$dOrLoB-B
=050  \4$aQR187.4
=050  \4$aQR187.4$b.C54 2009
=060  \4$aQU 375 C517 2009
=082  \\$a571.6
=245  00$aChemotaxis :$bmethods and protocols /$cedited by Tian Jin and Dale Hereld.
=260  \\$aNew York, N.Y. :$bHumana Press,$cc2009.
=300  \\$axv, 537 p. :$bill. (some col.) ;$c27 cm.
=490  1\$aMethods in molecular biology,$x1064-3745 ;$v571$5FOFT
=490  1\$aSpringer protocols$5FU$5FOFT
=490  1\$aMethods in molecular biology,$x1064-3745 ;$vv.571$5FU
=504  \\$aIncludes bibliographical references and index.
=505  0\$aMicofluidic techniques for the analysis of bacterial chemostaxis / Derek L. Englert, Arul Jayaraman, Michael D. Manson.-- Prokaryotic phototaxis / Wouter D. Hoff, Michael A. van der Horst, Clara B. Nudel, Klaas J. Hellingwerf.-- Photoorientation in photosynthetic flagellates / Donat-Peter Hader, Michael Lebert.-- Dietyostelium slug phototaxis / Sarah J. Annesley, Paul R. Fisher.-- Electrotaxis and wound healing: experimental methods to study electric fields as a directional signal for cell migration / Cuangping Tai, Brian Reid, Lin Cao, Min Zhao.-- Chemotropism during yeast mating / Peter J. Follette, Robert A. Arkowitz.-- Group migration and signal relay in Dictyostelium / Paul W. Kriebel, Carole A. Parent.-- Quantitative analysis of distal tip cell migration in C. elegans / Myeongwoo Lee, Erin J. Cram.-- Inflammation and wound healing in Drosophila / Brian Stramer, Will Wood.--$5FU
=505  0\$aNeutrophil motility in vivo using Zebrafish / Jonathan R. Mathias, Kevin B. Walters, Anna Huttenlocher.-- Chemotaxis in neutrophil-like HL-60 cells / Arthur Millius, Orion D. Weiner.-- Chemokine receptor dimerization and chemotaxis / Jose Miguel Rodrigues-Frade, Laura Martinez Munoz, Borja L. Holgado, Mario Mellado.-- Intravital two-photon imaging of adoptively transferred B lymphocytes in inguinal lymph nodes / Chung Park, Il-Young Hwang, john H. Kehrl.-- Breast cancer cell movement: imaging invadopodia by TIRF and IRM microscopy / Xuehua Xu, Peter Johnson, Susette C. Mueller.-- In vivo assay for tumor cell invasion / Lorena Hernandez, Tatiana Smirnova, Jeffrey Wychoff, John Condeelis, Jeffrey E. Segall.-- Quantitative studies of neuronal chemotaxis in 3D / William J. Rosoff, Ryan G. McAllister, Geoffrey J. Goodhill, Jeffrey S. Urbach.--$5FU
=505  0\$aAssays for chemotaxis and chemoattractant-stimulated TorC2 activation and PKB substrate phosphorylation in Dictyostelium / Yoichiro Kamimura, Ming Tang, Peter Devreotes.-- Biochemical responses to chemoattractants in Dictyostelium: ligand-receptor interactions and downstream kinase activation / Xin-Hua Lian, Alan R. Kimmel.$5FU
=505  0\$aCont.-- Quantifying in vivo phosphorinositide turnover in chemotactically competent Dictyostelium cells / Nadine Pawolleck, Robin S.B. Willaims.-- In vivo measurements of cytosolic calcium in Dictoyostelium discoideum / Claire Y. Allan, Paul R. Fisher.-- Chemokine receptor signaling and HIV infection / Yuntao Wu.-- Spatiotemporal stimulatino of single cells using flow photolysis / Carsten Beta.-- Spatiotemporal regulation of Ras-GTPases during chemotaxis / Atsuo T. Sasaki, Richard A. Firtel.-- FRAP analysis of chemosensory components of Dictyostelium / Carrie A. Elzie, Chris Janetopoulos.-- Monitoring dynamic GPCR signaling events using fluorescence microscopy, FRET imaging, and single-molecule imaging / Xuchua Xu, Joseph A. Brzostowski, Tian Jin.-- Imaging actin cytoskeleton dynamics in Dictyostelium chemotaxis / Gunther Gerisch.-- Analysis of Actin Assembly by in vitro microscopy / Dennis Breitsprecher, Antje K. Kiesewetter, Joern Linkner, Jan Faix.-- Single-molecule imaging techniques to visualize chemotactic signaling events on the membrane of living Dictyostelium cells / Yukihiro Miyanaga, Satomi Matsuoka, Masahiro Ueda.-- Imaging B-cell receptor signaling by single-molecule techniques / Pavel Tolar, Tobias Meckel.-- Light microscopy to image and quantify cell movement / Debora J. Wessels, Spencer Kuhl, David R. Soll.-- Mathematics of experimentally generated chemoattractant gradients / Marten Postma, Peter J.M. van Haastert.-- Modeling spatial and temporal dynamics of chemotactic networks / Liu Yang, Pablo A. Iglesias.-- Computational modeling of signaling networks for eukaryotic chemosensing / Martin Meier-Schellersheim, Frederick Klauschen, Bastian Angermann.$5FU
=505  0\$a1. Microfluidic techniques for the analysis of bacterial chemotaxis / Derek L. Englert, Arul Jayaraman, and Michael D. Manson -- 2. Prokaryotic phototaxis / Wouter D. Hoff ... [et al.] -- 3. Photoorientation in photosynthetic Flagellates / Donat-Peter Häder and Michael Lebert -- 4. Dictyostelium slug phototaxis / Sarah J. Annesley and Paul R. Fisher --- 5. Electrotaxis and wound healing: experimental methods to study electric fields as a directional signal for cell migration / Guangping Tai ... [et al.] -- 6. Chemotropism during yeast mating / Peter J. Follette and Robert A. Arkowitz -- 7. Group migration and signal relay in Dictyostelium / Paul W. Kriebel and Carole A. Parent -- 8. Quantitative analysis of distal tip cell migration in C. elegans / Myeongwoo Lee and Erin J. Cram -- 9. Inflammation and wound healing in Drosophila / Brian Stramer and Will Wood -- 10. Neutrophil motility in vivo using zebrafish / Jonathan R. Mathias, Kevin B. Walters, and Anna Huttenlocher -- $5FOFT28. Single-molecule imaging techniques to visualize chemotactic signaling events on the membrane of living Dictyostelium cells / Yukihiro Miyanaga, Satomi Matsuoka, and Masahiro Ueda -- 29. Imaging B-cell receptor signaling by single-molecule techniques / Pavel Tolar and Tobias Meckel -- 30. Light microscopy to image and quantify cell movement / Deborah J. Wessels, Spencer Kuhl, and David R. Soll -- 31. Mathematics of Experimentally generated chemoattractant gradients / Marten Postma and Peter J.M. van Haastert -- 32. Modeling spatial and temporal dynamics of chemotactic networks / Liu Yang and Pablo A. Iglesias -- 33. Computational modeling of signaling networks for eukaryotic chemosensing / Martin Meier-Schellersheim, Frederick Klauschen, and Bastian Angermann.$5FOFT19. Quantifying in vivo phosphoinositide turnover in chemotactically competent Dictyostelium cells / Nadine Pawolleck and Robin S.B. Williams -- 20. In Vivo measurements of cytosolic calcium in Dictyostelium discoideum / Claire Y. Allan and Paul R. Fisher -- 21. Chemokine receptor signaling and HIV infection / Yuntao Wu -- 22. Spatiotemporal stimulation of single cells using flow photolysis / Carsten Beta -- 23. Spatiotemporal regulation of Ras-GTPases during chemotaxis / Atsuo T. Sasaki and Richard A. Firtel -- 24. FRAP analysis of chemosensory components of Dictyostelium / Carrie A. Elzie and Chris Janetopoulos -- 25. Monitoring dynamic GPCR signaling events using fluorescence microscopy, FRET imaging, and single-molecule imaging / Xuehua Xu, Joseph A. Brzostowski, and Tian Jin -- 26. Imaging actin cytoskeleton dynamics in Dictyostelium chemotaxis / Günther Gerisch -- 27. Analysis of actin assembly by in vitro TIRF microscopy / Dennis Breitsprecher ... [et al.] -- $5FOFT11. Chemotaxis in neutrophil-like HL-60 cells / Arthur Millius and Orion D. Weiner -- 12. Chemokine receptor dimerization and chemotaxis / José Miguel Rodríguez-Frade ... [et al.] -- 13. Intravital two-photon imaging of adoptively transferred B lymphocytes in inguinal lymph nodes / Chung Park, Il-Young Hwang, and John H. Kehrl -- 14. Breast cancer cell movement: imaging invadopodia by TIRF and IRM microscopy / Xuehua Xu, Peter Johnson, and Susette C. Mueller -- 15. In Vivo assay for tumor cell invasion / Lorena Hernandez ... [et al.] -- 16. Quantitative studies of neuronal chemotaxis in 3D / William J. Rosoff ... [et al.] -- 17. Assays for chemotaxis and chemoattractant-stimulated TorC2 activation and PKB substrate phosphorylation in Dictyostelium / Yoichiro Kamimura, Ming Tang, and Peter Devreotes -- 18. Biochemical responses to chemoattractants in Dictyostelium: ligand-receptor interactions and downstream kinase activation / Xin-Hua Liao and Alan R. Kimmel -- $5FOFT
=520  1\$a"Fundamental to the development and vital functions of organisms, the migration of motile cells due to the detection of shallow gradients of specific chemical signals in their environments, or chemotaxis, can be clearly seen as a major force in cell biology. In Chemotaxis: Methods and Protocols, expert researchers in the field provide state-of-the-art methods for investigating cell migration behaviors, studying molecular components involved in detecting extracellular signals and directing cell movement, visualizing spatiotemporal dynamics of the components in signaling networks of chemotaxis in real time, and constructing quantitative models that simulate chemoattractant-induced cell responses. Written in the highly successful Methods in Molecular Biology series format, chapters include introductions to their respective topics, lists of the necessary materials and reagents, step-by-step, readily reproducible laboratory protocols, and notes on troubleshooting and avoiding known pitfalls." "Comprehensive and cutting-edge, Chemotaxis: Methods and Protocols serves scientists with practical guidance on the diverse methodologies that are currently propelling chemotaxis research forward in order to further our understanding of this vital biological system."--BOOK JACKET.
=530  \\$aAlso available online.$5FU
=530  \\$aAlso available via the World Wide Web.$5FOFT
=650  \0$aChemotaxis$vLaboratory manuals.
=650  \2$aChemotaxis$vLaboratory Manuals.
=650  22$aDictyostelium$vLaboratory Manuals.
=650  22$aCell Movement$vLaboratory Manuals.
=700  1\$aHereld, Dale.
=700  1\$aJin, Tian,$cM.D.
=776  08$tChemotaxis.$dNew York, NY : Humana Press, c2009$z9781607611981$w(DLC) 2009926172$w(OCoLC)449917194
=830  \0$aSpringer protocols (Series)
=830  \0$aMethods in molecular biology (Clifton, N.J.) ;$vv. 571.
=951  \\$107$aCFU01:001851598;$5FOFT
=951  \\$108$aUFU01:004778322;$5FU

