=LDR  01598cam a2200397 i 4500
=001  024757364
=005  20050829180833.0
=008  770217s1976\\\\nyua\\\\\b\\\\000\0aeng\\
=010  \\$a76151065
=019  \\$a2603868
=020  \\$a087727102X :$c{dollar}5.00
=035  \\$a(OCoLC)02968491
=035  8\$a(NhCcYBP)99810110646
=040  \\$aDLC$cDLC$dOCL
=041  1\$aeng$hvie
=043  \\$aa-vt---
=050  0\$aDS556.93.N526$bA3613
=082  0\$a959.704/3322/0924$aB
=100  0\$aNguỹ̂en, Thị Định,$d1920-
=240  10$aKhông còn đường nào khác.$lEnglish
=245  10$aNo other road to take :$bmemoir of Mrs. Nguyễn Thị Định /$ctranslated by Mai Elliott.
=260  \\$aIthaca, N.Y. :$bSoutheast Asia Program, Dept. of Asian Studies, Cornell University,$c1976.
=300  \\$aviii, 77 p. :$bill. ;$c28 cm.
=490  0\$aData paper - Southeast Asia Program, Cornell University ; no. 102$5FBoU
=490  1\$aData paper - Southeast Asia Program, Cornell University ;$vno. 102$5FU
=500  \\$aTranslation of Không còn đường nào khác.$5FBoU$5FU
=500  \\$a2004 printing$5FU
=504  \\$aIncludes bibliographical references.
=600  00$aNguỹ̂en, Thị Định,$d1920-
=600  10$aNguyễn, Thị Định,$d1920-
=650  \0$aRevolutionaries$zVietnam$xBiography.
=651  \0$aBén Tre (Vietnam)$xPolitics and government.
=651  \0$aBến Tre (Vietnam : Province)$xPolitics and government.
=830  \0$aData paper (Cornell University. Southeast Asia Program) ;$vno. 102.
=951  \\$102$aFAU01:000184555;$5FBoU
=951  \\$108$aUFU01:003211138;$5FU

