=LDR  01853pam a22003855  4500
=001  024771841
=005  20120623062300.0
=008  790108s1979\\\\ne\af\\\\b\\\\001\0\eng\\
=010  \\$a   79000145 
=020  \\$a9024721253 :$c{dollar}34.20
=020  \\$a9024721253
=035  \\$a(OCoLC)04591455
=040  \\$aDLC$cDLC$dFNP
=041  0\$aengfre
=050  0\$aHB153$b.G34 1979
=082  0\$a330
=100  1\$aGaliani, Ferdinando,$d1728-1787.
=240  12$aL'intérêt général de l'état ou la liberté des bagarres.
=245  13$aLa bagarre :$bGaliani's "lost" parody /$cedited, with an introd. by Steven Laurence Kaplan.
=260  \\$aThe Hague ;$aBoston :$bM. Nijhoff,$c1979.
=300  \\$a122 p., [4] leaves of plates :$bill. ;$c24 cm.
=490  0\$aInternational archives of the history of ideas ; 92$5FBoU$5FTaSU
=490  1\$aInternational archives of the history of ideas ;$v92$5FJUNF
=500  \\$aConsists of parallel texts in French of L'intérêt général l'état ou la liberté du commerce des blés by P. P. Le Mercier de La Rivière and L'intérêt général de l'état ou la liberté des bagarres by F. Galiani; with introd. and notes in English.$5FJUNF$5FBoU$5FTaSU
=504  \\$aIncludes bibliographical references and index.
=650  \0$aEconomics.
=650  \0$aPhysiocrats.
=650  \0$aGrain trade.
=700  1\$aKaplan, Steven L.
=700  12$aLe Mercier de la Rivière, Pierre-Paul,$d1719 or 20-ca. 1794.$tL'intérêt général de l'état, ou la liberté du commerce des blés. 1978.
=700  12$aLe Mercier de la Rivière, Paul Pierre,$d1719-1801.$tL'intérêt général de l'état, ou la liberté du commerce des blés. 1978.
=830  \0$aArchives internationales d'histoire des idees ;$v92.
=951  \\$102$aFAU01:000208404;$5FBoU
=951  \\$105$aFSU01:000388580;$5FTaSU
=951  \\$109$aNFU01:000180273;$5FJUNF

