=LDR  00833nam a2200229Ia 4500
=001  024787554
=005  20141024084300.0
=008  910122r19581951iluaf\\\\b\\\\001|0\eng\d
=035  \\$a(OCoLC)22996604
=040  \\$aIXA$cIXA$dFUG
=090  \\$aDT61$b.W5 1958
=100  1\$aWilson, John A.$q(John Albert),$d1899-1976.
=240  00$aBurden of Egypt
=245  14$aThe culture of ancient Egypt /$cby John A. Wilson.
=260  \\$a[Chicago] :$bUniversity of Chicago Press,$c1958, c1951.
=300  \\$av, 344 p., [32] p. of plates :$bill. ;$c20 cm.
=490  0\$aPhoenix books ;$vP11$5FU
=490  0\$aAn Oriental Institute essay$5FU
=500  \\$a"Originally published as The burden of Egypt"--Cover.$5FU
=504  \\$aIncludes bibliographical references and index.
=651  \0$aEgypt$xCivilization$yTo 332 B.C.
=951  \\$108$aUFU01:001123342;$5FU

