=LDR  01483cam a2200409 a 4500
=001  024804816
=005  20111219135528.0
=008  840802m19842004gw\\\\\\\b\\\\001\0\ger\\
=010  \\$a84194320
=019  \\$a11549022
=020  \\$a9783050002712 (set)
=020  \\$a3050002719 (set)
=035  \\$a(OCoLC)11322678
=040  \\$aDLC$cDLC$dNLGGC$dNEIGS$dOCLCG
=043  \\$ae-gx---
=050  00$aB2973$b.A4 1984
=082  00$a193$aB$219
=084  \\$a08.24$2bcl
=100  1\$aFeuerbach, Ludwig,$d1804-1872.
=240  10$aCorrespondence
=245  10$aBriefwechsel /$cLudwig Feuerbach ; [Bearbeiter dieses Bandes, Werner Schuffenhauer, Edith Voigt].
=260  \\$aBerlin :$bAkademie-Verlag,$c1984-c2004.
=300  \\$a5 v. ;$c21 cm.
=490  1\$aGesammelte Werke / Ludwig Feuerbach ;$v17-19$5FU
=490  1\$aGesammelte Werke / Ludwig Feuerbach ;$v17-21$5FTS
=500  \\$aVol. 4 edited by Werner Schuffenhauer, Edith Voigt, and Manuela Köppe.$5FTS
=504  \\$aIncludes bibliographical references and indexes.
=505  0\$a2: (1840-1844).$5FTS
=505  1\$a1. 1817-1839. -- 2. 1840-1844. -- 3. 1845-1852 4. 1853-1861.$5FU
=600  10$aFeuerbach, Ludwig,$d1804-1872.
=650  \0$aPhilosophers$zGermany$vCorrespondence.
=700  1\$aVoigt, Edith.
=700  1\$aSchuffenhauer, Werner.
=700  1\$aKöppe, Manuela.
=800  1\$aFeuerbach, Ludwig,$d1804-1872.$tWorks.$f1967 ;$v17, etc.
=951  \\$110$aSFU01:000472507;$5FTS
=951  \\$108$aUFU01:001123951;$5FU

