=LDR  01260nam a2200337I  4500
=001  024820534
=005  20100325082439.0
=008  741125s1957\\\\gw\b\\\\\\\\\\000|0\ger\c
=010  \\$aa  58000567 
=035  \\$a(OCoLC)01087381
=040  \\$cSRS$dFDA
=050  0\$aPT1101$b.L5 vol.294
=090  \\$aPT1745.L5$bA64
=099  \\$a830.8$aL777b$av. 294
=100  1\$aLohenstein, Daniel Casper von,$d1635-1683.
=245  10$aAfrikanische Trauerspiele.$cHrsg. von Klaus Günther Just.
=260  \\$aStuttgart,$bHiersemann,$c1957.
=300  \\$axx, 413 p.$bmap.$c23 cm.
=490  1\$aBibliothek des Literarischen Vereins in Stuttgart, Sitz Tübingen, 294$5FTaSU
=490  1\$aBibliothek des Literarischen Vereins in Stuttgart, Sitz Tübingen,$v294$5FU
=505  0\$aCleopatra (1680)--Sophonisbe (1680)$5FTaSU$5FU
=600  00$aSophonisba$xDrama.
=600  00$aCleopatra,$cQueen of Egypt,$d-30 B.C.$xDrama.
=700  1\$aJust, Klaus Günther.
=700  1\$aJust, Klaus Günther,$eed.
=740  02$aCleopatra
=740  02$aSophonisbe
=830  \0$aBibliothek des literarischen Vereins in Stuttgart ;$vBd. 294.
=830  \0$aBibliothek des Literarischen Vereins in Stuttgart.$vBd.294
=951  \\$105$aFSU01:000184219;$5FTaSU
=951  \\$108$aUFU01:001959555;$5FU

