=LDR  01510cam a2200361   4500
=001  024838647
=005  20080619173709.0
=008  810619s1955\\\\enka\\\\\b\\\\001|0\eng\\
=010  \\$a55002914  
=019  \\$a7218123
=035  \\$a(OCoLC)04161067
=040  \\$aREMC$beng
=050  \\$aPR2969$b.S5
=090  \\$aPR2965$b.S55
=092  \\$a820.92$bA1, B582, no.58
=092  0\$a010.5$bB862 Suppl. no.58
=100  1\$aSisson, Charles Jasper,$d1885-1966.
=245  10$aShakespeare /$cby C.J. Sisson. --
=260  \\$aLondon :$bPublished for the British Council and the National Book League by Longmans, Green,$c1955.
=300  \\$a50 p. :$bill. --
=440  \0$aBibliographical series of supplements to British book news,$vno. 58$5FPeU
=490  0\$aBibliographical series of supplements to British book news on writers and their work, no. 58$5FTaSU
=490  1\$aWriters and their work ;$vno. 58$5FU
=504  \\$a"A select Shakespeare bibliography, by J. R. Brown": p. 33-50.
=600  10$aShakespeare, William,$d1564-1616.
=600  10$aShakespeare, William,$d1564-1616$xCriticism and interpretation
=600  10$aShakespeare, William,$d1564-1616$xCriticism and interpretation$xHistory.
=710  2\$aBritish Council.
=710  2\$aNational Book League (Great Britain)
=830  \0$aBibliographical series of supplements to British book news on writers and their work ;$vno. 58.
=951  \\$105$aFSU01:000819087;$5FTaSU
=951  \\$108$aUFU01:000713563;$5FU
=951  \\$111$aWFU01:000190130;$5FPeU

