=LDR  01169nam a2200325Ia 4500
=001  024855550
=005  20090618113809.0
=008  811202s1937\\\\nyu\\\\\\b\\\\000|0\eng\d
=010  \\$a   38009675 
=019  \\$aAAS8696$bAM
=035  \\$aAAS8696$bAM
=035  \\$a(OCoLC)01102357
=040  \\$aCOD$cCOD$dFCM
=050  0\$aQA221$b.B3
=090  \\$aQA1$b.N3 v.12
=090  \\$aQA1$b.N3 1937, no.12
=092  \\$a375.51$bN277y 12th
=100  1\$aBakst, Aaron,$d1900-1962.
=245  10$aApproximate computation /$cby Aaron Bakst.
=260  \\$aNew York :$bBureau of Publications, Teachers College, Columbia University,$c1937.
=300  \\$axvi, 287 p. ;$c24 cm.
=440  \0$aYearbook (National Council of Teachers of Mathematics) ;$v12th.$5FU
=490  0\$aNational Council of Teachers of Mathematics. Yearbook, 12th$5FTaSU
=490  0\$aNational Council of Teachers of Mathematics. Yearbook$vno. 12, 1937$5FTaFA
=504  \\$aBibliography: p. 284-287.
=650  \0$aNumerical analysis.
=710  2\$aNational Council of Teachers of Mathematics.
=951  \\$101$aAMU01:000166722;$5FTaFA
=951  \\$105$aFSU01:000185800;$5FTaSU
=951  \\$108$aUFU01:000649954;$5FU

