=LDR  01153nam a2200313K  4500
=001  024874096
=005  20101014153941.0
=008  790116r19741933ge\\\\\\b\\\\\000|0\ger\\
=010  \\$a   33008837 
=035  \\$a(OCoLC)04554030
=040  \\$aDLC$cAPB$dFTU
=050  \\$aPD25$bP3 Bd.184
=090  \\$aAC1$b.P25 no. 26
=100  1\$aWinkelmann, Elisabeth.
=245  10$aColeridge und die kantische philosophie :$berste einwirkungen des deutschen idealismus in England /$cvon Elisabeth Winkelmann.
=260  \\$aLeipzig :$bMayer & Müller,$c1933.
=300  \\$axii, 258 p. ;$c23 cm.
=490  0\$aPalaestra. Bd.184$5FTaSU
=490  0\$aPalaestra 184$5FOFT
=500  \\$aPCMI collection.$5FOFT
=500  \\$aUltrafiche. Dayton, Ohio, Microlection Pub. Corp., 1974. 1 sheet. 11 x 15 cm.$5FOFT
=504  \\$a"Quellennachweis": p. [256]-258.
=600  10$aColeridge, Samuel Taylor,$d1772-1834.
=600  10$aKant, Immanuel,$d1724-1804.
=650  \0$aIdealism.
=650  \0$aComparative literature$xGerman and English.
=650  \0$aComparative literature$xEnglish and German.
=951  \\$107$aCFU01:000171981;$5FOFT
=951  \\$105$aFSU01:000387495;$5FTaSU

