=LDR  01409nam a22003371  4500
=001  024887952
=005  20120623065000.0
=008  790214s1936\\\\enkh\\\\\b\\\\001|0\enme\
=010  \\$a   36031281 
=035  \\$a(OCoLC)04653701
=040  \\$cCarP
=050  0\$aPR1119$b.A2 no. 199
=082  0\$a821.19
=092  \\$a820.8$bE12 no.199
=130  0\$aMum and the sothsegger.
=245  00$aMum and the sothsegger,$cedited from the manuscripts Camb. Univ. Ll. iv. 14 and Brit. Mus. Add. 41666 by Mabel Day and Robert Steele.
=260  \\$aLondon,$bPub. for the Early English text society, by H. Milford, Oxford university press,$c1936.
=300  \\$axlvi, 164 p.$bfront. (facsim.)$c23 cm.
=490  0\$aEarly English text society. Original series, no. 199. 1936 (for 1934)$5FTaSU
=490  1\$aEarly English text society. Original series,$vno. 199$5FTS
=490  1\$aOriginal series ;$v199$5FU
=504  \\$aIncludes bibliographical references and index.
=700  1\$aDay, Mabel,$eed.
=700  1\$aSteele, Robert,$d1860-1944$ejoint ed.
=700  1\$aLangland, William,$d1330?-1400?
=700  1\$aLangland, William,$d1330?-1400?$tpiers plowman
=710  2\$aBritish Library.$kManuscript.$nAdditional 41666.
=830  \0$aEarly English Text Society (Series).$pOriginal series ;$vno. 199.
=951  \\$105$aFSU01:000666509;$5FTaSU
=951  \\$110$aSFU01:000418788;$5FTS
=951  \\$108$aUFU01:000646132;$5FU

