=LDR  00923cam a2200277I  4500
=001  024904703
=005  20120623031500.0
=008  750108s1953\\\\mau\\\\\\b\\\\000|0\eng\\
=010  \\$a   53010472 
=035  \\$a(OCoLC)01134450
=040  \\$cHEI$dOCL$dm.c.$dFHS
=050  \\$aPS3505.U334$bZ5 1953
=050  0\$aPS3505.U334$bZ5
=082  0\$a818.5
=092  \\$a818.5$bC971i
=100  1\$aCummings, E. E.$q(Edward Estlin),$d1894-1962.
=245  10$aI; six nonlectures$c[by] E.E. Cummings.
=260  \\$aCambridge,$bHarvard University Press,$cc1953.
=300  \\$a118 p.$c24 cm.
=490  0\$aHarvard paperback ;$v23.$5FTS
=490  1\$aThe Charles Eliot Norton lectures, 1952-1953$5FTS
=504  \\$a"List of readings": p. 117-118.
=830  \0$aCharles Eliot Norton lectures,$v1952-1953.
=830  \4$aThe Charles Eliot Norton lectures,$v1952-1953.
=951  \\$110$aSFU01:000196062;$5FTS
=951  \\$108$aUFU01:000706513;$5FU

