=LDR  01072cam a2200301Ii 4500
=001  024921010
=005  20100608155226.0
=008  760311s1973\\\\xx\\\\\\\\\\\\000|0\spa\d
=020  \\$a8435900541
=035  \\$a(OCoLC)02044349
=040  \\$aDAY$cDAY$dOCL$dFDA
=090  \\$aZ1524.P6$bM65
=090  \\$aZ1524.P6$bM65 1973
=099  \\$aZ$a1524$a.P6$aM65$a1973
=100  1\$aMontes Huidobro, Matías.
=245  10$aBibliografía crítica de la poesía cubana :$b(exilio: 1959-1971) /$cMatías Montes Huidobro, Yara González.
=260  \\$aMadrid :$bPlayor,$cc1973.
=300  \\$a136 p. ;$c21 cm.
=440  \0$aColección Plaza Mayor scholar,$v15$5FTaSU
=490  0\$aColección Plaza Mayor scholar ; 15$5FU
=490  0\$aColección Plaza Mayor scholar,$v15$5FBoU
=650  \0$aCuban poetry$y20th century$vBibliography.
=650  \0$aCuban poetry$y20th century$xHistory and criticism.
=700  1\$aGonzález, Yara.
=700  1\$aGonzález-Montes, Yara.
=951  \\$102$aFAU01:000351492;$5FBoU
=951  \\$105$aFSU01:000263188;$5FTaSU
=951  \\$108$aUFU01:000149898;$5FU

