=LDR  01252cam a2200361I  4500
=001  024937505
=005  20071114145258.0
=008  750619s1966\\\\nyuabc\\\b\\\\000|0\eng\u
=010  \\$a   66025462 
=019  \\$a1474257
=035  \\$a(OCoLC)01399656
=040  \\$cXQM$dm.c.
=050  \\$aF1414$b.S35
=090  \\$aE744$b.H43 no.178 1966
=090  \\$a$b
=092  \\$a327.082$bH433, no.178
=100  1\$aSchneider, Ronald M.
=245  10$aLatin American panorama /$cby Ronald M. Schneider.
=260  \\$a[New York :$bForeign Policy Association]$c1966
=300  \\$a63 p. :$bill., map, ports. ;$c20 cm.
=440  \0$aHeadline series,$vno. 178$5FTS
=490  0\$aHeadline series ;$vno. 178$5FMFIU$5FTaSU
=490  0\$aHeadline series, no. 178.$5FU
=504  \\$aBibliography: p. 62-63.
=651  \0$a651/3: 0:$aLatin America$xPolitics and government$y1948-1980.
=651  \0$aLatin America$xForeign relations.
=651  \0$aLatin America$xSocial conditions.
=651  \0$aLatin America$xPolitics and government$y1948-
=651  \0$aLatin America$xPolitics and government$y1948-1980
=951  \\$104$aFIU01:001133029;$5FMFIU
=951  \\$105$aFSU01:000735347;$5FTaSU
=951  \\$110$aSFU01:001370552;$5FTS
=951  \\$108$aUFU01:000450357;$5FU

