=LDR  01403cam a2200385Ia 4500
=001  024954208
=005  20070219115744.0
=008  821108s1930\\\\ohu\\\\\\\\\\\000\1\eng\d
=035  \\$a(OCoLC)08935301
=040  \\$aLNU$cLNU$dMUS
=043  \\$an-us-la
=090  \\$aPS3543.A5656$bN49 1930
=090  \\$aPZ7.V291$bNan
=100  1\$aVan Epps, Margaret T.
=245  10$aNancy Pembroke in New Orleans /$cby Margaret T. Van Epps.
=260  \\$aCleveland, Ohio :$bWorld pub. co.,$cc1930.
=300  \\$a248 p. ;$c20 cm.
=490  0\$aNancy Pembroke series.$5FTS
=490  1\$aNancy Pembroke series / by Margaret T. Van Epps$5FU
=500  \\$aSeries statement on dust jacket.$5FU
=590  \\$aOriginal buff cloth.$5FTS
=650  \0$aAutomobile travel$vJuvenile fiction.
=650  \0$aTourists$vJuvenile fiction.
=650  \0$aEntertaining$vJuvenile fiction.
=650  \0$aYoung women$xSocial life and customs$vJuvenile fiction.
=650  \0$aGirls$vJuvenile fiction.
=651  \0$aNew Orleans (La.)$xDescription and travel$vJuvenile fiction.
=655  \0$aAdventure stories.
=655  \7$aDust jackets (Binding)$y1930.$2rbbin
=690  \4$aBldn$y1930.$5FU
=710  2\$aWorld Syndicate Publishing Company.
=710  2\$aChildren's Literature Collection.$5FTS
=800  1\$aVan Epps, Margaret T.$tNancy Pembroke series.
=951  \\$110$aSFU01:001688851;$5FTS
=951  \\$108$aUFU01:002467537;$5FU

