=LDR  01934nam a2200577 a 4500
=001  024973272
=005  20110601100054.0
=008  810730s1981\\\\sp\\\\\\\\\\\\001|0dspa\d
=010  \\$a   81159786 
=015  \\$aSp***
=019  \\$a07628169
=020  \\$a8432203718
=020  \\$a8432203718 :$c{dollar}8.12
=035  \\$a(OCoLC)07925866
=040  \\$aDLC$cDLC$dFDA
=043  \\$anwcu---
=050  0\$aF1788$b.F6865 1981
=050  0\$aF1788$b.F6865
=082  0\$a972.91/064$219
=090  \\$aF1788$b.F731
=100  1\$aFranqui, Carlos,$d1921-2010.
=245  10$aRetrato de familia con Fidel /$cCarlos Franqui.
=250  \\$a1a ed.
=260  \\$aBarcelona ;$aCaracas :$bSeix Barral,$c1981.
=300  \\$a550 p. ;$c20 cm.
=490  0\$aBiblioteca breve ; 468$5FPeU
=490  0\$aMemorias ;$v468$5FTS
=490  1\$aBiblioteca breve. Memorias ;$v468$5FU
=490  1\$aBiblioteca breve$5FTS
=490  1\$aMemorias$5FPeU$5FOFT$5FTaSU
=490  1\$aBiblioteca breve ;$v468$5FOFT$5FMFIU$5FTaSU
=500  \\$aIncludes index.$5FPeU$5FOFT$5FTS$5FU$5FMFIU$5FTaSU
=500  \\$a"Memorias."$5FMFIU
=600  10$aCastro, Fidel,$d1926-$xPsychology.
=600  10$aCastro, Fidel,$d1926-
=600  17$aCastro, Fidel,$d1926-$2bidex
=651  \0$aCuba$xHistory$y1959-
=651  \0$aCuba$xHistory$y1959-1990.
=651  \7$aCuba$xHistoria$yRevolución, 1959.$2bidex
=651  \7$aCuba$xGobierno$yRevolución, 1959.$2bidex
=651  \7$aCuba$xPolítica$yRevolución, 1959.$2bidex
=830  \0$aBiblioteca breve (Barcelona, Spain)
=830  \0$aMemorias (Editorial Seix Barral)
=830  \0$aBiblioteca breve (Barcelona, Spain) ;$v468.
=899  \0$aMarrero collection.$5FMFIU
=951  \\$107$aCFU01:000203858;$5FOFT
=951  \\$104$aFIU01:000380039;$5FMFIU
=951  \\$105$aFSU01:000474594;$5FTaSU
=951  \\$110$aSFU01:000758233;$5FTS
=951  \\$108$aUFU01:000293981;$5FU
=951  \\$111$aWFU01:000195865;$5FPeU

