=LDR  00918nam a2200277I  4500
=001  024991088
=005  20080923111708.0
=008  820310s1972\\\\flu\\\\\\\\\\s000|0\eng\d
=035  \\$a(OCoLC)08233296
=040  \\$aFHM$cFHM$dFUG
=090  \\$aL136$b.B32 1972, no.724
=092  \\$a379.759$bF636b, no.724
=099  \\$a375.009759$aF636b$ano.724
=110  1\$aFlorida.$bState Dept. of Education.
=245  10$aSchool social work.
=260  \\$aTallahassee$c[1972?]
=300  \\$a7, [3] p.$billus.$c28 cm.
=490  1\$aIts Bulletin. 1972,$vno. 724$5FU$5FTaSU
=490  1\$aBulletin,$v724$5FTS
=500  \\$aCover title.$5FU$5FTS$5FTaSU
=650  \0$aSchool social work.
=830  \0$aBulletin (Florida. State Department of Education) ;$vno.724.
=830  \0$aBulletin (Florida. Dept. of Education),$v724
=951  \\$105$aFSU01:000916788;$5FTaSU
=951  \\$110$aSFU01:000437263;$5FTS
=951  \\$108$aUFU01:001637979;$5FU

