=LDR  00741nam a2200217Ki 4500
=001  025010681
=005  20120623065000.0
=008  790223s1961\\\\sp\\\\\\\\\\\\000|0\spa\d
=035  \\$a(OCoLC)04686344
=040  \\$aNCW$cNCW$dDIBAM$dFHC
=090  \\$aPQ6639.N3$bT7 1961
=100  1\$aUnamuno, Miguel de,$d1864-1936.
=245  10$aTres novelas ejemplares y un prólogo /$cMiguel de Unamuno.
=250  \\$a10. ed.
=260  \\$aMadrid :$bEspasa-Calpe,$c1961.
=300  \\$a161 p. ;$c18 cm.
=490  0\$aColección austral ;$v70$5FSsNC
=490  0\$aColección austral ; 70$5FTS
=505  0\$aDos madres -- El marqués de Lumbría -- Nada menos que todo un hombre.$5FSsNC$5FTS
=951  \\$106$aNCU01:000182747;$5FSsNC
=951  \\$110$aSFU01:000418939;$5FTS

