=LDR  02511cam a2200541 a 4500
=001  025025685
=005  20120623044000.0
=008  910613s1991\\\\dcua\\\\\b\\\\000|0\eng\\
=010  \\$a   91066009 //r93
=019  \\$a24836405
=020  \\$a0309048656
=020  \\$a0309048656 ;$c{dollar}12.00
=035  \\$a(OCoLC)24832912
=040  \\$aDLC$cDLC
=041  0\$aeng
=043  \\$an-us---
=050  00$aTE7$b.N25 no. 342$aHE206.2
=082  00$a388 s$a388/.049/0973$220
=090  \\$aTE7$b.N25 no.342
=100  1\$aLewis, David L.$q(David Leonard),$d1949-
=245  10$aPrimer on transportation, productivity, and economic development /$cDavid Lewis.
=260  \\$aWashington, D.C. :$bTransportation Research Board, National Research Council,$c[1991]
=300  \\$axvi, 111 p. :$bill. ;$c28 cm.
=490  0\$aReport / National Cooperative Highway Research Program,$x0077-5614 ;$v342$5FTaSU
=490  1\$aNational Cooperative Highway Research Program report,$x00775614 ;$v342$5FTS$5FOFT
=490  1\$aReport ;$v342$5FU
=500  \\$a"Research sponsored by the American Association of State Highway and Transportation Officials in cooperation with the Federal Highway Administration."$5FTS$5FOFT
=500  \\$a"Research sponsored by the American Association of State Highway and Transportation Officials in cooperation with the Federal Highway Administration."--t.p.$5FU$5FTaSU
=500  \\$a"September 1991."--t.p.$5FU$5FTaSU
=500  \\$a"September 1991."$5FTS$5FOFT
=504  \\$aIncludes bibliographical references.
=650  \0$aTransportation and state$zUnited States.
=650  \0$aTransportation$zUnited States$xCapital investments$xEvaluation.
=650  \0$aTransportation$xFinance.
=650  \0$aEconomic development$xGovernment policy$zUnited States.
=650  \0$aTransportation$xPlanning$xSocial aspects.
=650  \0$aTransportation and state.
=651  \0$aUnited States$xEconomic policy$y1981-1993
=651  \0$aUnited States$xEconomic policy.
=710  1\$aUnited States.$bFederal Highway Administration.
=710  2\$aNational Cooperative Highway Research Program.
=710  2\$aNational Research Council (U.S.).$bTransportation Research Board.
=710  2\$aAmerican Association of State Highway and Transportation Officials.
=830  \0$aReport (National Cooperative Highway Research Program) ;$v342.
=951  \\$107$aCFU01:000727134;$5FOFT
=951  \\$105$aFSU01:001270463;$5FTaSU
=951  \\$110$aSFU01:001159225;$5FTS
=951  \\$108$aUFU01:001676911;$5FU

