=LDR  01505cam a2200361Ii 4500
=001  025043977
=005  20120623044800.0
=008  790716muuuu1975ve\a\\\\\b\\\\001|0\spa\\
=010  \\$a   79110528 
=019  \\$a2547046$a5222056
=035  \\$a(OCoLC)02485155
=040  \\$aNOC$cNOC$dFUG
=043  \\$as-ve---
=050  0\$aF2325$b.O22
=082  \\$a322/.1/0987
=090  \\$aF2325$b.O23
=100  1\$aOcando Yamarte, Gustavo.
=245  10$aHistoria político-eclesiástica de Venezuela (1830-1847) /$cGustavo Ocando Yamarte.
=260  \\$aCaracas :$bAcademia Nacional de la Historia,$c1975.
=300  \\$a2 v. :$bports. ;$c23 cm.
=440  \0$aBiblioteca de la Academia Nacional de la Historia.$pFuentes para la historia republicana de Venezuela ;$v-19$5FMFIU
=490  0\$aBiblioteca de la Academia Nacional de la Historia$5FU
=490  1\$aFuentes para la historia republicana de Venezuela ; 18-19$5FU
=500  \\$aIncludes bibliographical references and indexes.$5FU
=504  \\$aIncludes bibliographical references and indexes.
=610  20$aCatholic Church$zVenezuela.
=610  20$aCatholic Church$zVenezuela$xHistory.
=650  \0$aChurch and state$zVenezuela$xHistory.
=651  \0$aVenezuela$xPolitics and government$y1830-1935.
=651  \0$aVenezuela$xChurch history.
=810  2\$aAcademia Nacional de la Historia (Venezuela).$tBiblioteca : Fuentes para la historia republicana de Venezuela ;$v18-19.
=951  \\$104$aFIU01:001277483;$5FMFIU
=951  \\$108$aUFU01:000154631;$5FU

