=LDR  01305nam a2200325I  4500
=001  025062538
=005  20120623041700.0
=008  780322s1942\\\\xx\\\\\\\\\\\\000|0\eng\c
=010  \\$ags 42000334 
=035  \\$a(OCoLC)03739686
=040  \\$aU.S. Geol. survey. Library$cTLM$dFUG
=050  \\$aQE81$b.A15 no. 51$aTN24.A2H5
=050  \\$aQE81$b.A15 no.51
=082  0\$a553
=100  1\$aHildreth, Ellen.
=245  10$aKnow Alabama!$bThe geology and mineral resources of Alabama;$ca bibliography for schools, by Ellen Hildreth and Pauline McCandless Foster.
=260  \\$aUniversity, Ala.,$c1942.
=300  \\$a56 p.$billus. (incl. map, diagr.)$c23 cm.
=490  0\$aAlabama. Geological survey, 1873- Bulletin 51$5FTaSU
=490  1\$aAlabama Geological Survey / Bulletin$v51$5FU
=500  \\$aAt head of title: Geological survey of Alabama, Walter B. Jones, state geologist (on leave)$5FU$5FTaSU
=504  \\$aBibliography: p. 36-49.
=650  \0$aMines and mineral resources$zAlabama.
=650  \0$aGeology$zAlabama.
=650  \0$aGeology$zAlabama$vBibliography.
=700  1\$aFoster, Pauline McCandless,$ejoint author.
=700  1\$aFoster, Pauline McCandless.
=830  \0$aBulletin (Geological Survey of Alabama) ;$v51.
=951  \\$105$aFSU01:000748047;$5FTaSU
=951  \\$108$aUFU01:001640494;$5FU

