=LDR  03536cam a2200565Ia 4500
=001  025078997
=005  20111018090728.0
=008  851105s1970\\\\is\ach\\\b\\\\001\0\hebr\
=010  \\$a78952455
=035  \\$a(OCoLC)12759410
=040  \\$aDLC$cDVP$dDVP$dIXA$dOSU$dOCLCQ$dOCLCG$dSTF$dOCL
=041  0\$aheb$beng
=043  \\$ae-er---
=050  0\$aD810.J4$bD86 1970
=050  0\$aD810.J4$bD86
=050  04$aDS135.E73$bD86 1970
=066  \\$c(2
=082  \4$a940.5472
=100  1\$6880-01$aDvorzetsky, Mark Meir,$d1908-1975.
=245  10$6880-02$aMaḥanot ha-Yehudim be-Esṭonyah, 1942-1944 :$bha-temurot be-shiṭat ha-hovalot uve-shiṭat ha-maḥanot, ʻamidat ha-asirim, ha-maḥteret, ha-beriḥot la-yeʻarot /$cM. Dvorz'etsḳi ; [ha-Mevi le-vet ha-defus, Aharon Meʼirovits].
=246  15$aJewish camps in Estonia, 1942-1944
=260  \\$6880-03$aYerushalayim :$bYad-ṿa-shem,$c730 [1970]
=300  \\$a402, xxii p. :$b16 p. of ill., facsims., ports. ;$c24 cm.
=440  \0$aYad-ṿa-Shem, sidrat sefarim mi-taʻam reshut ha-zikharon le-shoʾah uli-gevurah$5FU
=490  0\$6880-04$aYad-ṿa-Shem, sidrat sefarim mi-taʻam reshut ha-zikharon le-shoʼah uli-gevurah$5FTS
=490  0\$aYad-ṿa-Shem, sidrat sefarim mi-taʻam reshut ha-zikharon le-shoʾah uli-gevurah$5FBoU
=490  1\$6880-05$aYad-ṿa-Shem, reshut ha-zikharon le-shoʼah uli-gevurah. Sidrat sefarim$5FTS
=500  \\$6880-06$a"Hugshah teḥilah ... le-Sorbonah be-Paris ke-tezah ('Toldot ha-maḥanot ha-Natsiyim be-Estonyah, 1941-1944')."$5FTS
=500  \\$aAdded t. p.: Jewish camps in Estonia, 1942-1944.$5FBoU$5FU
=500  \\$aSummary in English: xxii p.$5FBoU$5FU
=500  \\$a"Hugshah teḥilah ... le-Sorbonah be-Paris ke-tezah ('Toldot ha-maḥanot ha-Natsiyim be-Estonyah, 1941-1944')"$5FBoU$5FU
=504  \\$aIncludes bibliographical references (p. 367-375) and index.
=546  \\$aIncludes summary in English.
=650  \0$aHolocaust, Jewish (1939-1945)$zEstonia.
=650  \0$aJews$zEstonia.
=650  \0$aConcentration camps$zEstonia.
=710  2\$aHolocaust and Genocide Studies Collection. $5FTS
=740  0\$aJewish camps in Estonia, 1942-1944.
=776  08$iOnline version:$aDvorzetsky, Mark Meir, 1908-1975.$tMaḥanot ha-Yehudim be-Esṭonyah, 1942-1944.$dYerushalayim : Yad-ṿa-shem, 730 [1970]$w(OCoLC)654791975
=830  \0$6880-07$aYad-ṿa-Shem, reshut ha-zikharon le-shoʼah uli-gevurah. Sidrat sefarim.
=880  \\$6100-01/(2/r$aדבורז׳צקי, מ.,$d1908־1975.
=880  10$6245-02/(2/r$aמחנות היהודים באסטוניה, 1944־1942 :$bהתמורות בשיטת ההובלות ובשיטת המחנות, עמידת האסירים, המחתרת, הבריחות ליערות /$cמ. דבורז׳צקי ; [המביא לבית-הדפוס אהרן מאירוביץ].
=880  \\$6260-03/(2/r$aירושלים :$bיד ושם,$cתש״ל [1970]
=880  0\$6490-04/(2/r$aיד־ושם, סדרת ספרים מטעם רשות הזיכרון לשואה ולגבורה
=880  1\$6490-05/(2/r$aיד-ושם, רשות הזיכרון לשואה ולגבורה. סדרת ספרים
=880  \\$6500-06/(2/r$a״חוגשה תחילה ... לסורבונה בפאריסכתיזה (׳תולדות המחנות הנאצייםבאסטוניה, 1941־1944׳)״
=880  \0$6830-07/(2/r$aיד-ושם, רשות הזיכרון לשואה ולגבורה. סדרת ספרים.
=951  \\$102$aFAU01:000675973;$5FBoU
=951  \\$110$aSFU01:002495937;$5FTS
=951  \\$108$aUFU01:001782967;$5FU

