=LDR  01119nam a2200337 i 4500
=001  025096835
=005  20100624144101.0
=008  000000s1979\\\\enka\\\\\b\\\\001|0\eng\\
=010  \\$a   78070512 
=015  \\$aGB***
=020  \\$a0121757609
=035  \\$a(OCoLC)05209883
=040  \\$aDLC$cDLC$dFTU
=050  0\$aCC67$b.C55
=082  0\$a930/.1/018
=090  \\$aCC67$b.C55
=100  1\$aClarke, David L.,$dd. 1976
=245  10$aAnalytical archaeologist :$bcollected papers of David L. Clarke /$cedited by his colleagues.
=260  \\$aLondon ;$aNew York :$bAcademic Press,$c1979.
=300  \\$axiv, 554 p. :$bill. ;$c24 cm.
=440  \0$aStudies in archaeology$5FU$5FTS
=490  0\$aStudies in archeology$5FBoU
=490  1\$aStudies in archaeology$5FOFT
=504  \\$a"Bibliography of the works of David L. Clarke, 1937-76": p. 11-13.
=504  \\$aIncludes bibliographies and index.
=650  \0$aArchaeology.
=830  \0$aStudies in archaeology.
=951  \\$107$aCFU01:000181365;$5FOFT
=951  \\$102$aFAU01:000213110;$5FBoU
=951  \\$110$aSFU01:000338265;$5FTS
=951  \\$108$aUFU01:000282547;$5FU

