=LDR  01340pam a2200361 a 4500
=001  025121346
=005  20120623081100.0
=008  820722s1983\\\\nyua\\\\\b\\\\001|0\eng\\
=010  \\$a   82013695 
=020  \\$a0471097721 :$c{dollar}33.50 (est.)
=020  \\$a0471097721 :$c{dollar}54.95
=035  \\$a(OCoLC)08727877
=040  \\$aDLC$cDLC$dFWA
=050  0\$aTD763$b.I53 1983
=050  0\$aTD763$b.I44
=082  0\$a363.7/28$219
=245  00$aIndustrial and sewage wastes in the ocean /$cedited by Iver W. Duedall ... [et al.].
=260  \\$aNew York :$bWiley,$cc1983.
=300  \\$axxii, 431 p. :$bill. ;$c24 cm.
=440  \0$aEnvironmental science and technology,$x0194-0287$5FOFT$5FTS$5FTaSU
=440  \0$aEnvironmental science and technology$5FPeU
=440  \0$aWastes in the ocean ;$vv. 1$5FPeU$5FOFT$5FTS$5FTaSU
=490  0\$aWastes in the ocean ; v. 1$5FBoU
=490  0\$aEnvironmental science and technology,$x0194-0287$5FBoU
=500  \\$a"A Wiley-Interscience publication."$5FPeU$5FOFT$5FBoU$5FTS$5FTaSU
=504  \\$aIncludes bibliographies and indexes.
=650  \0$aWaste disposal in the ocean
=700  1\$aDuedall, Iver W.
=951  \\$107$aCFU01:000210235;$5FOFT
=951  \\$102$aFAU01:000233540;$5FBoU
=951  \\$105$aFSU01:000493248;$5FTaSU
=951  \\$110$aSFU01:000443364;$5FTS
=951  \\$111$aWFU01:000202048;$5FPeU

