=LDR  01312nam a2200301I  4500
=001  025141962
=005  20120623081600.0
=008  750402\1973\\\\\\\\\\\\\\\\\\\\\|\\ger\c
=010  \\$a   75556538 
=020  \\$a3700100507 :$cS60.00
=035  \\$a(OCoLC)01247882
=040  \\$aUniv of Rochester Lib$cFHM$dFHM
=090  \\$aAS142$b.V313 v.291, pt.5
=092  \\$a830.6$bA313s, Bd.291, Abh.5
=100  1\$aKoziol, Herbert.
=245  10$aZahlen in englischen Versdichtungen.
=260  \\$aWien,$bVerl. d. Österr. Akad. d. Wiss.,$c1973.
=300  \\$a47 p.$c24 cm.
=490  1\$aÖsterreichische Akademie der Wissenschaften. Philosophisch-Historische Klasse. Sitzungsberichte,$v291. Bd., 5. Abh.$5FTS
=490  1\$aÖsterreichische Akademie der Wissenschaften. Philosophisch-Historische Klasse. Sitzungsberichte, 291, Bd., 5. Abh.$5FU
=504  \\$aIncludes bibliographical references.
=650  \0$aEnglish poetry$xHistory and criticism
=650  \0$aNumbers in literature.
=650  \0$aEnglish language$xVersification
=650  \0$aEnglish literature$yOld English, ca. 450-1100$xHistory and criticism.
=830  \0$aSitzungsberichte (Österreichische Akademie der Wissenschaften. Philosophisch-Historische Klasse) ;$vBd. 291, Abh. 5.
=951  \\$110$aSFU01:000205548;$5FTS
=951  \\$108$aUFU01:000454019;$5FU

