=LDR  01503nam a2200409 a 4500
=001  025165551
=005  20120623042700.0
=008  980901s1998\\\\caua\\\\\b\\\\000|0\eng\d
=010  \\$a   98213340 
=020  \\$a0833026291
=035  \\$a(OCoLC)39779681
=040  \\$aOWpIT$cDLC$dFHM
=042  \\$alccopycat
=043  \\$an-us---
=050  04$aUG1520$b.C37 1998
=082  00$a358.4/1413/0973$221
=088  \\$aDB-199-AF
=090  \\$aUG1520$b.C36 1998
=245  00$aCapturing the essential factors in reconnaissance and surveillance force sizing and mix /$cDavid Vaughn ... [et al.].
=260  \\$aSanta Monica, CA :$bRAND,$c1998.
=300  \\$avi, 80 p. :$bill. (some col.) ;$c28 cm.
=490  1\$aDocumented briefing ;$v199-AF$5FMFIU
=490  1\$aDocumented briefing ;$vDB-199-AF$5FTS$5FTaSU
=500  \\$a"Prepared for the United States Air Force."$5FTS$5FTaSU$5FMFIU
=500  \\$a"Project Air Force."$5FTS$5FTaSU$5FMFIU
=504  \\$aIncludes bibliographical references.
=610  10$aUnited States.$bAir Force$xPlanning.
=650  \0$aMilitary surveillance.
=650  \0$aMilitary planning$zUnited States.
=700  1\$aVaughan, David R.,$d1935-
=710  1\$aUnited States.$bAir Force.
=710  2\$aProject Air Force (U.S.)
=830  \0$aDocumented briefing (Rand Corporation) ;$vDB-199-AF
=830  \0$aDocumented briefing (Rand Corporation) ;$v199-AF.
=951  \\$104$aFIU01:000782187;$5FMFIU
=951  \\$105$aFSU01:001690993;$5FTaSU
=951  \\$110$aSFU01:001164303;$5FTS

