=LDR  02234cam a2200529Ia 4500
=001  025187666
=005  20150211132851.0
=008  780714s1978\\\\fluab\\\\b\\\f000\0\eng\d
=035  \\$a(OCoLC)04051816
=040  \\$aFGM$beng$cFGM$dGPO$dUDI$dMTG$dOCLCQ$dOCLCF
=043  \\$an-us-fl
=049  \\$aFTUU
=050  14$aGB1025$b.F63 no. 77-491
=086  0\$aI 19.76:77-491
=100  1\$aGaggiani, Neville G.
=245  10$aChemical and biological quality of lakes Faith, Hope, and Charity, at Maitland, Florida, with emphasis on the effects of storm runoff and bulk precipitation, 1971-74 /$cby N.G. Gaggiani and A.G. Lamonds ; prepared in cooperation with the Florida Department of Transportation.
=260  \\$aTallahassee, Fla. :$bU.S. Dept. of the Interior, Geological Survey,$c[1978]
=300  \\$avi, 94 pages :$billustrations, 1 map ;$c27 cm.
=336  \\$atext$btxt$2rdacontent
=337  \\$aunmediated$bn$2rdamedia
=338  \\$avolume$bnc$2rdacarrier
=490  1\$aOpen-file report ;$v77-491
=500  \\$a"March 1978."
=504  \\$aIncludes bibliographical references (pages 55-56).
=500  \\$aChiefly tables.$5FU
=650  \0$aLimnology$zFlorida$zMaitland.
=650  \0$aWater quality$zFlorida$zMaitland.
=650  \0$aRain and rainfall$zFlorida$zMaitland.
=650  \0$aRunoff$zFlorida$zMaitland.
=650  \0$aHydrology$zFlorida$zMaitland.
=650  \0$aPrecipitation (Meteorology)$zFlorida$zMaitland.
=650  \7$aHydrology.$2fast$0(OCoLC)fst00965147
=650  \7$aLimnology.$2fast$0(OCoLC)fst00998940
=650  \7$aPrecipitation (Meteorology)$2fast$0(OCoLC)fst01074923
=650  \7$aRain and rainfall.$2fast$0(OCoLC)fst01089410
=650  \7$aRunoff.$2fast$0(OCoLC)fst01101392
=650  \7$aWater quality.$2fast$0(OCoLC)fst01171832
=651  \7$aFlorida$zMaitland.$2fast$0(OCoLC)fst01215859
=700  1\$aLamonds, A. G.
=710  1\$aFlorida.$bDepartment of Transportation.
=710  2\$aGeological Survey (U.S.)
=830  \0$aOpen-file report (Geological Survey (U.S.)) ;$v77-491.
=951  \\$107$aCFU01:001480467;$5FOFT
=951  \\$102$aFAU01:000202613;$5FBoU
=951  \\$109$aNFU01:000714142;$5FJUNF
=951  \\$110$aSFU01:000688106;$5FTS
=951  \\$108$aUFU01:001243130;$5FU

