=LDR  01008cam a2200265Ia 4500
=001  025215820
=005  20120623054300.0
=008  890814s1989\\\\gw\abg\\\b\\\\000|0\ger\d
=020  \\$a3370002531
=035  \\$a(OCoLC)20173635
=040  \\$aCIN$cCIN$dOCL$dFMZ
=090  \\$aML89$b.M9 Bd.1, Lfg.11
=100  1\$aKubik, Gerhard,$d1934-
=245  10$aWestafrika /$cGerhard Kubik ; unter Mitarbeit von Danhin Amagbenyõ ... [et al.]
=250  \\$a1. Aufl.
=260  \\$aLeipzig :$bVEB Deutscher Verlag für Musik,$cc1989.
=300  \\$a221 p. :$bill. (some col.), maps, music ;$c35 cm.
=490  0\$aMusikgeschichte in Bildern.$vBd. 1 : Musikethnologie ; Lfg. 11$5FTaSU
=490  0\$aMusikgeschichte in Bildern. Bd. 1 : Musikethnologie ;$vLfg. 11$5FBoU
=504  \\$aBibliography: p. 200-220.
=650  \0$aMusic$zAfrica, West$vPictorial works.
=650  \0$aMusic$zAfrica, West$xHistory and criticism.
=700  1\$aAmagbenyõ, Danhin.
=951  \\$102$aFAU01:000379296;$5FBoU
=951  \\$105$aFSU01:001658419;$5FTaSU

