=LDR  01921nam a2200445Ii 4500
=001  025235963
=005  20120623082300.0
=008  780930s1978\\\\au\ad\\\\b\\\\100|0\eng\d
=010  \\$a   79302087 //r832
=019  \\$a4857649
=020  \\$a9200100783 (v.1)
=020  \\$a9200100783 (v. 1) :$c{dollar}43.00 (U.S.) (v. 1)
=020  \\$a920010178X (v. 2) :$c{dollar}40.00 (U.S.) (v. 2)
=035  \\$a(OCoLC)04251846
=040  \\$aBNG$cBNG$dFGM
=041  0\$aengfre
=050  0\$aQP519.9.R3$bI57 1977
=082  0\$a616.07/57$219
=090  \\$aRB40$b.S9 1977
=096  \\$aQY330 I61r 1978
=111  2\$aInternational Symposium on Radioimmunoassay and Related Procedures in Medicine,$cBerlin,$d1977.
=245  10$aRadioimmunoassay and related procedures in medicine, 1977 :$bproceedings of an International Symposium on Radioimmunoassay and Related Procedures in Medicine /$cheld by the International Atomic Energy Agency in co-operation with the World Health Organization in Berlin (West), 31 Oct. - 4 Nov. 1977.
=260  \\$aVienna :$bInternational Atomic Energy Agency,$c1978.
=300  \\$a2 v. :$bill. ;$c24 cm.
=440  \0$aProceedings series (International Atomic Energy Agency)$5FU
=490  0\$aProceedings series.$5FBoU
=490  1\$aProceedings series - International Atomic Energy Agency$5FTaSU
=500  \\$aEnglish or French.$5FBoU$5FTaSU$5FU
=500  \\$a"STI/PUB/469"$5FBoU$5FTaSU
=504  \\$aIncludes bibliographical references.
=650  \0$aRadioligand assay (Biochemistry)$vCongresses.
=650  \0$aRadioimmunoassay$xCongresses.
=650  \0$aClinical medicine$xCongresses.
=650  \2$aHormones$xcongresses
=710  2\$aWorld Health Organization.
=710  2\$aInternational Atomic Energy Agency.
=830  \0$aProceedings series (International Atomic Energy Agency)
=951  \\$102$aFAU01:000204822;$5FBoU
=951  \\$105$aFSU01:000376212;$5FTaSU
=951  \\$108$aUFU01:000464135;$5FU

