=LDR  00979nam a2200277I  4500
=001  025255731
=005  20060509161406.0
=008  750505s1970\\\\gw\\\\\\\b\\\\00||0\ger\c
=010  \\$a   70551599 
=035  \\$a(OCoLC)01312228
=040  \\$cAMH$dFDA
=050  0\$aPA3105$b.K6 1970
=090  \\$aPA3105$b.K6 1970
=090  \\$aPA3105$b.K6
=100  1\$aKoster, Severin.
=245  10$aAntike Epostheorien.
=260  \\$aWiesbaden, :$bF. Steiner,$c1970.
=300  \\$aviii, 181 p. ;$c21 cm.
=490  1\$aPalingenesia; Monographien und Texte zur Klassischen Altertumswissenschaft, Bd. 5$5FTS
=490  1\$aPalingensia; Monographien und Texte zur Klassischen Altertumswissenschaft, Bd. 5$5FTaSU
=500  \\$aA revision of the author's thesis, Saarbrücken.$5FTS$5FTaSU
=504  \\$aBibliography: p. [162]-164.
=650  \0$aEpic poetry, Greek$xHistory and criticism.
=830  \0$aPalingenesia,$vBd. 5.
=951  \\$105$aFSU01:000204934;$5FTaSU
=951  \\$110$aSFU01:000210153;$5FTS

