=LDR  01730nam a2200409 a 4500
=001  025279100
=005  20120103150128.0
=006  m\\\\\\\\d\f\\\\\\
=007  cr\cn|||||||||
=008  111114s2009\\\\mduab\\\ob\\\f000\0\eng\c
=035  \\$a(OCoLC)760887706
=040  \\$aGPO$cGPO$dMvI
=042  \\$apcc
=043  \\$an-us---
=074  \\$a0247 (online)
=086  0\$aC 13.10:960-14/2009
=245  00$aWWVB radio controlled clocks$h[electronic resource] :$brecommended practices for manufacturers and consumers /$cMichael A. Lombardi ... [et al.].
=250  \\$a2009 ed.
=260  \\$a[Gaitherburg, Md.] :$bU.S. Dept. of Commerce, National Institute of Standards and Technology,$c2009.
=300  \\$a1 online resource (xi, 51 p.) :$bill., col. maps.
=490  1\$aSpecial publication ;$v960-14$5FTaSU$5FBoU$5FU
=490  1\$aNIST recommended practice guide$5FTaSU$5FBoU$5FU
=500  \\$a"August 2009."$5FTaSU$5FBoU$5FU
=500  \\$aTitle from title screen (viewed on Nov. 14, 2011).$5FTaSU$5FBoU$5FU
=504  \\$aIncludes bibliographical references (p. 51).
=650  \0$aTime$xSystems and standards$zUnited States.
=650  \0$aRadio broadcasting$zUnited States.
=650  \0$aClocks and watches$xModels$xRadio control$zUnited States.
=700  1\$aLombardi, Michael A.
=710  2\$aNational Institute of Standards and Technology (U.S.)
=776  08$iPrint version:$tWWVB radio controlled clocks.$b2009 ed.$w(OCoLC)760889051
=830  \0$aNIST special publication ;$v960-14.
=830  \0$aNIST recommended practice guide.
=856  40$uhttp://purl.fdlp.gov/GPO/gpo15143$5FTaSU$5FBoU$5FU
=951  \\$102$aFAU01:001899757;$5FBoU
=951  \\$105$aFSU01:003180341;$5FTaSU
=951  \\$108$aUFU01:005510609;$5FU

