=LDR  01632pam a22004095  4500
=001  025297505
=005  20120623075100.0
=008  810527s1981\\\\mau\\\\\\b\\\\001\0\eng\\
=010  \\$a   81008074 
=020  \\$a0884101975 :$c{dollar}32.50
=020  \\$a0884101975
=035  \\$a(OCoLC)07576810
=040  \\$aDLC$cDLC$dFNP
=043  \\$an-us---
=050  0\$aLB2828$b.P47
=050  00$aLB2828$b.P47 1981
=082  0\$a379.1/22/0973$219
=245  00$aPerspectives in state school support programs /$cedited by K. Forbis Jordan and Nelda H. Cambron-McCabe.
=260  \\$aCambridge, Mass. :$bBallinger Pub. Co.,$cc1981.
=300  \\$axxvii, 373 p. ;$c24 cm.
=440  \0$aAnnual yearbook of the American Education Finance Association ;$v2nd$5FTS$5FU$5FTaSU
=490  0\$aAnnual yearbook of the American Education Finance Association ; 2nd$5FBoU
=490  1\$aSecond annual yearbook of the American Education Finance Association$5FFmFGC$5FMFIU
=504  \\$aIncludes bibliographies and index.
=650  \0$aGovernment aid to education$zUnited States.
=650  \0$aState aid to education$zUnited States
=700  1\$aJordan, K. Forbis$q(Kenneth Forbis),$d1930-
=700  1\$aCambron-McCabe, Nelda H.
=710  2\$aAmerican Education Finance Association.
=830  \0$aAnnual yearbook of the American Education Finance Association ;$v2nd
=951  \\$102$aFAU01:000226165;$5FBoU
=951  \\$104$aFIU01:000329276;$5FMFIU
=951  \\$105$aFSU01:000466453;$5FTaSU
=951  \\$103$aGCU01:000275368;$5FFmFGC
=951  \\$109$aNFU01:000202889;$5FJUNF
=951  \\$110$aSFU01:000369740;$5FTS
=951  \\$108$aUFU01:000350161;$5FU

