=LDR  01716cam a22004458a 4500
=001  025319674
=005  20140529200400.0
=008  831129s1984\\\\dcu\\\\\\b\\\\000|0\eng\\
=010  \\$a   83025786 
=020  \\$a0844734861 (pbk.)
=020  \\$a0844734861
=035  \\$a(OCoLC)10228757
=040  \\$aDLC$cDLC$dFWA
=043  \\$an-us---
=050  0\$aHD7105.45.U6$bL63 1984
=082  0\$a332.6/7254$219
=090  \\$aH11$b.A4 v. 958
=096  \\$aHD 7105.45.U6 L832m 1984
=100  1\$aLogue, Dennis E.
=245  10$aManaging corporate pension plans :$bthe impacts of inflation /$cDennis E. Logue, Richard J. Rogalski.
=260  \\$aWashington :$bAmerican Enterprise Institute for Public Policy Research,$cc1984.
=300  \\$a68 p. ;$c23 cm.
=440  \0$aAEI studies ;$v355$5FTS$5FU
=440  \0$aStudies in social security and retirement policy$5FTS
=490  0\$aAEI studies ;$v355$5FBoU
=490  0\$aStudies in social security and retirement policy$5FBoU$5FU
=490  1\$aAEI studies$5FPeU
=504  \\$aIncludes bibliographical references.
=650  \0$aPension trusts$zUnited States$xInvestments$xEffect of inflation on.
=650  \0$aPension trusts$xInvestments$xEffect of inflation on$zUnited States
=650  \2$aPensions.
=700  1\$aRogalski, Richard J.
=797  23$aRobert Zieger Labor History Collection.$5FU
=710  2\$aRobert Zieger Labor History Collection.$5FU
=810  2\$aAmerican Enterprise Institute for Public Policy Research.$tPublications,$vv. 958
=830  \0$aSocial security and retirement policy.
=951  \\$102$aFAU01:000249184;$5FBoU
=951  \\$110$aSFU01:000457737;$5FTS
=951  \\$108$aUFU01:000405505;$5FU
=951  \\$111$aWFU01:000211078;$5FPeU

