=LDR  02144cam a2200481Ia 4500
=001  025340558
=005  20070109093806.0
=008  910710s1991\\\\dcuab\\\\bs\\\000|0\eng\d
=020  \\$a0160322871 :$c{dollar}2.50
=035  \\$a(OCoLC)24049155
=037  \\$a803-005-10025-1$bGPO
=040  \\$dCFI$dGPO
=043  \\$an-ust--
=074  \\$a0142-C-02
=086  0\$aC 3.186:P-23/172
=090  \\$aHA218$b.F47 1991
=100  1\$aFernandez, Edward W.
=245  14$aThe Hispanic population of the U.S. Southwest borderland /$cby Edward W. Fernandez.
=260  \\$aWashington, D.C. :$bU.S. Dept. of Commerce, Economics and Statistics Administration, Bureau of the Census :$c[1991]
=300  \\$av, 39 p. :$bill., map ;$c28 cm.
=440  \0$aCurrent population reports.$nSeries P-23,$pSpecial studies ;$vno. 172$5FU$5FTaFA$5FTS$5FOFT$5FBoU$5FMFIU
=490  0\$aCurrent population reports. Series P-23, Special studies ;$vno. 172$5FTaSU
=490  1\$aCurrent population reports. Special studies. Series P-23 ;$vno. 172$5FJUNF
=500  \\$aShipping list no.: 91-481-P.$5FU$5FTaSU$5FTaFA$5FTS$5FOFT$5FBoU$5FMFIU
=500  \\$a"Issued April 1991."$5FU$5FTaSU$5FJUNF$5FTaFA$5FTS$5FOFT$5FBoU$5FMFIU
=504  \\$aIncludes bibliographical references (p. 14)
=650  \0$aHispanic Americans$zSouthwestern States$xPopulation$vStatistics.
=650  \0$aHispanic Americans$zSouthwestern states$xPopulation.
=650  \0$aHispanic Americans$zSouthwestern states$xStatistics.
=651  \0$aSouthwestern States$xPopulation$vStatistics.
=651  \0$aSouthwestern states$xPopulation.
=710  1\$aUnited States.$bBureau of the Census.
=740  0\$aHispanic population of the US southwest borderland.
=830  \0$aCurrent population reports.$nSeries P-23,$pSpecial studies ;$vno. 172.
=098  98$aC3.186:P-23/172
=951  \\$101$aAMU01:000315709;$5FTaFA
=951  \\$107$aCFU01:000399993;$5FOFT
=951  \\$102$aFAU01:000432589;$5FBoU
=951  \\$104$aFIU01:000440886;$5FMFIU
=951  \\$105$aFSU01:001226109;$5FTaSU
=951  \\$109$aNFU01:000340619;$5FJUNF
=951  \\$110$aSFU01:000860908;$5FTS
=951  \\$108$aUFU01:001650414;$5FU

