=LDR  00829nam a22002777a 4500
=001  025357036
=005  20120623083500.0
=008  890413s1988\\\\sp\\\\\\\\\\\\000|0\spa\d
=010  \\$a   89870068 
=019  \\$a19545178
=020  \\$a8423316580
=020  \\$a8423316580 :$c{dollar}11.78
=035  \\$a(OCoLC)19742619
=040  \\$aDLC$cDLC
=050  \\$aPQ6671.M2$bD477 1988
=050  0\$aMLCS 89/03491 (P)
=090  \\$aPQ6671.M2$bD477 1988
=100  1\$aUmbral, Francisco.
=245  13$aEl día en que violé a Alma Mahler /$c[Francisco Umbral].
=250  \\$a1a ed.
=260  \\$aBarcelona :$bDestino,$c1988.
=300  \\$a177 p. ;$c20 cm.
=490  0\$aColección Ancora y delfín ;$vv. 621$5FU
=490  0\$aColección Áncora y delfín ;$vv. 621$5FTaSU
=951  \\$105$aFSU01:000976180;$5FTaSU
=951  \\$108$aUFU01:001143934;$5FU

