=LDR  00574nam a2200217I  4500
=001  025375621
=005  20120623021300.0
=008  770407s1969\\\\it\a\\\\\\\\\\000|0\ita\\
=010  \\$a72352737  
=035  \\$a(OCoLC)02869437
=040  \\$adlc$cFUG
=050  0\$aGN340$b.Q54
=092  \\$a572$bQ6v
=100  1\$aQuilici, Folco.
=245  10$aViaggio nel primitivo.
=260  \\$aGenova,$bImmordino,$c1969.
=300  \\$a144 p.$billus.$c30 cm.
=490  0\$aLibro Strenna$5FU
=490  0\$aCollana regalo$5FU
=650  \0$aEthnology$vPictorial works.
=951  \\$108$aUFU01:000167841;$5FU

