=LDR  01969cam a2200445Ia 4500
=001  025389970
=005  20110228165544.0
=007  heubmb024bbca
=008  980318s1996\\\\dcu\\\\\b\\\\f000\0\eng\d
=035  \\$a(OCoLC)38741801
=037  \\$a008-020-01390-1$bGPO$fpaper copy$c{dollar}5.00
=040  \\$aIUB$cIUB$dGPO
=043  \\$aa-ir---
=074  \\$a0378-H-05 (MF)
=086  0\$aD 5.416:48
=100  1\$aRoberts, Mark J.
=245  10$aKhomeini's incorporation of the Iranian military$h[microform] /$cMark J. Roberts.
=260  \\$aWashington, D.C. :$bInstitute for National Strategic Studies, National Defense University,$c[1996]
=300  \\$aiii, 107 p. :$bmap ;$c23 cm.
=490  1\$aMcNair paper$x1071-7552 ;$v48$5FFmFGC$5FOFT
=490  1\$aMcNair paper ;$v48$5FJUNF
=500  \\$a"January 1996."$5FFmFGC$5FOFT$5FJUNF
=500  \\$aDistributed to depository libraries in microfiche.$5FFmFGC$5FOFT
=500  \\$aShipping list no.: 98-0258-M.$5FFmFGC$5FOFT
=504  \\$aIncludes bibliographical references (p. 63-106).
=530  \\$aAlso available via Internet from the INSS web site.$5FFmFGC$5FOFT
=530  \\$aAvailable via Internet from the INSS web site.$5FJUNF
=533  \\$aMicrofiche.$b[Washington, D.C.] :$cSupt. of Docs., U.S. G.P.O.,$d[1998]$e2 microfiches : negative.$5FFmFGC$5FOFT
=533  \\$aMicrofiche.$bWashington, D.C. :$cU.S. G.P.O.,$d1998$e2 microfiches : negative.$5FJUNF
=600  10$aKhomeini, Ruhollah$xInfluence.
=651  \0$aIran$zHistory, Military.
=651  \0$aIran$xArmed Forces$xHistory$y20th century.
=651  \0$aIran$xPolitics and government$y20th century.
=710  2\$aNational Defense University.$bInstitute for National Strategic Studies.
=776  1\$tKhomeini's incorporation of the Iranian military$w(OCLoC) 34087828
=830  \0$aMcNair papers ;$vno. 48.
=098  98$aD5.416:48
=951  \\$107$aCFU01:000755859;$5FOFT
=951  \\$103$aGCU01:000168651;$5FFmFGC
=951  \\$109$aNFU01:000453866;$5FJUNF

