=LDR  00694cam a2200229I  4500
=001  025409220
=005  20120623052000.0
=008  771215s1953\\\\enk\\\\\\\\\\\000|0\engm\
=010  \\$a   54028384 
=019  \\$a5131898
=035  \\$a(OCoLC)03493721
=040  \\$aDLC$cSUC$dSUC$dOCL$dm.c.$dFUG
=050  0\$aPS3509.L43$bA16 1953
=082  0\$a814.5
=100  1\$aEliot, T. S.$q(Thomas Stearns),$d1888-1965.
=245  10$aSelected prose,$cedited by John Hayward.
=260  \\$aLondon,$aBaltimore,$bPenguin Books$c[1953]
=300  \\$a250 p.$c18 cm.
=490  0\$aPenguin Books,$v873$5FU
=490  0\$aPenguin Books, 873$5FTaSU
=951  \\$105$aFSU01:000343599;$5FTaSU
=951  \\$108$aUFU01:001652980;$5FU

