=LDR  02792cam a2200409Ia 4500
=001  025420184
=005  20110803134223.0
=006  m\\\\\\\\d\\\\\\\\
=007  cr\|||
=008  100915s2010\\\\gw\a\\\\ob\\\\101\0\eng\d
=020  \\$a9783642155826
=020  \\$a3642155820
=020  \\$z9783642155819
=020  \\$z3642155812
=035  \\$a(OCoLC)664146827
=040  \\$aCUS$beng$cCUS$dE7B$dOCLCQ$dCOO
=050  \4$aQA76.95
=111  2\$aInternational Congress of Mathematical Software$n(3rd :$d2010 :$cKōbe-shi, Japan)
=245  10$aMathematical software--ICMS 2010$h[electronic resource] :$bthird International Congress on Mathematical Software, Kobe, Japan, September 13-17, 2010 : proceedings /$cKomei Fukuda ... [et al.] (eds.).
=246  30$aICMS 2010
=260  \\$aBerlin :$bSpringer,$c2010.
=300  \\$a1 online resource (xvi, 368 p.) :$bill.
=490  1\$aLNCS sublibrary. SL 1, Theoretical computer science and general issues$5FMFIU$5FOFT
=490  1\$aLecture notes in computer science,$x0302-9743 ;$v6327$5FMFIU$5FOFT
=500  \\$aTitle from PDF t.p. (SpringerLink, viewed Sept. 15, 2010).$5FOFT
=504  \\$aIncludes bibliographical references and index.
=520  8\$aAnnotation$bThis book constitutes the refereed proceedings of the Third International Congress on Mathematical Software, ICMS 2010, held in Kobe, Japan in September 2010. The 49 revised full papers presented were carefully reviewed and selected for presentation. The papers are organized in topical sections on computational group theory, computation of special functions, computer algebra and reliable computing, computer tools for mathematical editing and scientific visualization, exact numeric computation for algebraic and geometric computation, formal proof, geometry and visualization, Groebner bases and applications, number theoretical software as well as software for optimization and polyhedral computation.
=650  \0$aMathematics$xData processing$vCongresses.
=650  \0$aComputer software$vCongresses.
=700  1\$aFukuda, Komei.
=776  08$iPrint version:$aInternational Congress of Mathematical Software (3rd : 2010 : Kōbe-shi, Japan).$tMathematical software--ICMS 2010.$dBerlin : Springer, 2010$z9783642155819$w(DLC) 2010933525
=830  \0$aLecture notes in computer science ;$v6327.$x0302-9743
=830  \0$aLNCS sublibrary.$nSL 1,$pTheoretical computer science and general issues.
=856  40$3SpringerLink$uhttp://ezproxy.fiu.edu/login?url=http://dx.doi.org/10.1007/978-3-642-15582-6$5FMFIU$yFIU users: view content here
=856  40$yUCF: Click here for ONLINE ACCESS$uhttps://login.ezproxy.net.ucf.edu/login?url=http://dx.doi.org/10.1007/978-3-642-15582-6$5FOFT$zSpringerLink
=951  \\$107$aCFU01:001977078;$5FOFT
=951  \\$104$aFIU01:001754214;$5FMFIU

