=LDR  02618cam a2200457 a 4500
=001  025429047
=005  20130327183358.0
=006  m\\\\f\\\d\\\\\\\\
=007  cr\bn\nnnauauu
=008  111121s2011\\\\nyu\\\\\o\\\\\000\0\eng\d
=035  \\$accn00342858
=043  \\$an-us-ut
=049  \\$aFSU-L
=049  \\$aFIU-L
=049  \\$aUF-L
=050  \4$aKF4977.C363$bC363 1882a
=100  1\$aCannon, George Q.$q(George Quayle),$d1827-1901,$eplaintiff.
=245  10$aCannon vs. Campbell$h[electronic resource] :$btestimony and papers in the contested-election case of Geo. Q. Cannon vs. Allen G. Campbell, from the territory of Utah.
=260  3\$a[Buffalo, NY] :$bWilliam S. Hein & Co.,$c[2011]
=300  \\$a1 electronic text (74, 10 p.) :$bPDF file.
=490  1\$aMis. doc. / 47th Congress, 1st session, House ;$vno. 25
=490  1\$aHeinOnline world trials
=588  \\$aDescription based on PDF title page, viewed November 21, 2011.
=500  \\$aPrint version published: [Washington : G.P.O.], 1882.
=500  \\$a"January 13, 1882.--Ordered to be printed."
=600  10$aCannon, George Q.$q(George Quayle),$d1827-1901$vTrials, litigation, etc.
=600  10$aCampbell, Allen G.$vTrials, litigation, etc.
=610  10$aUnited States.$bCongress.$bHouse$xContested elections.
=650  10$aContested elections$zUtah$vCases.
=651  \0$aUtah$xPolitics and government.
=655  \7$aElectronic books.$2lcgft
=700  1\$aCampbell, Allen G.,$edefendant.
=710  1\$aUnited States.$bCongress.$bHouse.$bCommittee on Elections.
=830  \0$aMis. doc. (United States. Congress. House) ;$v47th Congress, 1st session, no. 25.
=830  \0$aWorld trials library.
=856  40$uhttps://login.proxy.lib.fsu.edu/login?url=http://www.heinonline.org/HOL/Page?handle=hein.trials/adzk0001&id=1&collection=trials&index=alpha/C_trials$3HeinOnline World Trials Library$yFSU: Off-campus access limited to current FSU students & employees.$5FTaSU
=856  40$uhttp://www.heinonline.org/HOL/Page?handle=hein.trials/adzk0001&id=1&collection=trials&index=alpha/C_trials$3HeinOnline World Trials Library$yUF: Off-campus access limited to current UF students & employees$5FU
=856  40$uhttp://ezproxy.fiu.edu/login?url=http://www.heinonline.org/HOL/Page?handle=hein.trials/adzk0001&id=1&collection=trials&index=alpha/C_trials$3HeinOnline World Trials Library$yFIU users: view content here.$5FMFIU
=949  \\$aKF 4977 .C363 C363 1882a$wLC$c1$i342858-2001$d12/1/2011$lMAIN$mHEN$q1$rY$sY$tWEB$u12/1/2011$xENG$zN-US-UT
=997  \\$a(c)2011 Cassidy Cataloguing Services, Inc.
=951  \\$105$aFSU01:003186645;$5FTaSU

