=LDR  02816cam a2200625Ia 4500
=001  025445495
=005  20120420110225.0
=006  m\\\\\\\\d\\\\\\\\
=007  cr\cn|
=008  110111s2011\\\\gw\a\\\\ob\\\\001\0\eng\d
=016  7\$a015754862$2Uk
=019  \\$a704393973$a708563816$a779851568
=020  \\$a9783642143304 (e-book)
=020  \\$a364214330X (e-book)
=020  \\$a9783642143304 (electronic bk.)
=020  \\$a9783642143304
=020  \\$a364214330X
=020  \\$z9783642143298
=020  \\$a364214330X (electronic bk.)
=035  \\$a(OCoLC)701369395
=037  \\$a978-3-642-14329-8$bSpringer$nhttp://www.springerlink.com
=040  \\$aQE2$beng$cQE2$dGW5XE$dEBLCP$dOCLCQ$dYDXCP$dOCLCQ$dUUS$dVPI$dOCLCQ$dUKMGB$dE7B$dN{dollar}T
=050  \4$aTK5105.8865$b.V47 2011
=050  \4$aTK5105.8865
=072  \7$aCOM$x020020$2bisacsh
=082  04$a004.69/5$222
=100  1\$aVerma, Pramode K.
=245  10$aVoice over IP networks$h[electronic resource] :$bquality of service, pricing and security /$cPramode K. Verma, Ling Wang.
=260  \\$aBerlin :$bSpringer,$cc2011.
=300  \\$a1 online resource (x, 130 p.) :$bill. (some col.)
=490  1\$aLecture Notes in Electrical Engineering,$x1876-1100 ;$v71$5FMFIU$5FOFT
=490  1\$aLecture notes in electrical engineering ;$vv. 71$5FU
=500  \\$aTitle from PDF title page.$5FU
=504  \\$aIncludes bibliographical references (p. 121-126) and index.
=650  \0$aData transmission systems.
=650  \0$aComputer networks.
=650  \0$aEngineering.
=650  \0$aTelecommunication.
=650  \0$aInternet telephony.
=650  \0$aTCP/IP (Computer network protocol)
=650  \0$aDigital telephone systems.
=650  \7$aCOMPUTERS / System Administration / Email Administration$2bisacsh
=655  \4$aElectronic books.
=700  1\$aWang, Ling,$cDr.
=700  1\$aWang, Ling.
=710  2\$aebrary, Inc.
=773  0\$tSpringer eBooks
=776  08$iPrint version:$aVerma, Pramode K.$tVoice over IP networks : quality of service, pricing and security.$dBerlin ; Heidelberg : Springer Verlag Berlin Heidelberg, 2011$z9783642143298$w(OCoLC)722305909
=830  \0$aLecture notes in electrical engineering ;$v71.$x1876-1100
=856  40$yUCF: Click here for ONLINE ACCESS$uhttps://login.ezproxy.net.ucf.edu/login?url=http://dx.doi.org/10.1007/978-3-642-14330-4$5FOFT$zSpringerLink
=856  40$3SpringerLink$uhttp://ezproxy.fiu.edu/login?url=http://dx.doi.org/10.1007/978-3-642-14330-4$5FMFIU$yFIU users: view content here
=856  40$uhttp://dx.doi.org/10.1007/978-3-642-14330-4$yRead this E-book$zLicensed for access by UF students, faculty, staff, and other registered users.$xSpringerLink$5FU
=951  \\$107$aCFU01:001977490;$5FOFT
=951  \\$104$aFIU01:001755331;$5FMFIU
=951  \\$108$aUFU01:005586612;$5FU

