=LDR  02470cem a2200505Ia 4500
=001  025462580
=005  20150206163155.0
=008  820921s1982\\\\gau\\\\\\\a\\f\\0\\\eng\d
=034  1\$aa$b1000000$dW0870000$eW0800000$fN0320000$gN0250000
=035  \\$a(OCoLC)08790795
=040  \\$aGIS$beng$cGIS$dGPO$dOCL$dOCLCQ$dUSACE$dOCLCF$dOCLCO$dFTU
=043  \\$an-usu--
=049  \\$aFTUG
=050  14$aGB1025$b.F63 no. 81-1101
=052  \\$a3870
=086  0\$aI 19.76:82-1101
=086  0\$aI 19.42/4:81-1101
=110  2\$aGeological Survey (U.S.)
=245  10$aSulfate concentration in water from the upper permeable zone of the Tertiary limestone aquifer system, southeastern United States /$cby Craig L. Sprinkle ; Department of the Interior, United States Geological Survey.
=255  \\$aScale [ca. 1:1,000,000]$c(W 87°--W 80°/N 32°--N 25°).
=260  \\$aAtlanta, Ga. :$bThe Survey,$c1982.
=300  \\$a1 map :$bcol. ;$c103 x 84 cm., folded in envelope 31 x 23 cm.
=490  1\$aWater-resources investigations ;$v81-1101
=490  1\$aOpen-file report ;$v82-1101
=504  \\$aIncludes text, bibliography and ill.
=500  \\$aAncillary chart: Plot of sulfate-to-chloride ratio against sulfate concentrations of water from the upper permeable zone.$5FJUNF
=500  \\$aIncludes approximate updip limit of aquifer system, limits of reliable data, sulfate concentrations in milligrams per liter, wells penetrating half or more of upper permeable zone, wells penetrating less than half of upper permeable zone, and text.$5FJUNF
=500  \\$aRelief shown by hachures.$5FJUNF
=650  \0$aGroundwater$zSouthern States$vMaps.
=650  \0$aWater quality$zSouthern States$vMaps.
=651  \0$aSouthern States$vMaps.
=650  \7$aGroundwater.$2fast$0(OCoLC)fst00948209
=650  \7$aWater quality.$2fast$0(OCoLC)fst01171832
=651  \7$aSouthern States.$2fast$0(OCoLC)fst01244550
=655  \7$aMaps.$2fast$0(OCoLC)fst01423704
=691  \\$aSouthern States$xWater$xComposition$xMaps.$5FJUNF
=691  \\$aSouthern States$xAquifers$xMaps.$5FJUNF
=691  \\$aFlorida$xAquifers$xMaps.$5FJUNF
=691  \\$aSouthern States$xGroundwater$xQuality$xMaps.$5FJUNF
=700  1\$aSprinkle, Craig L.
=830  \0$aWater-resources investigations ;$v81-1101.
=830  \0$aOpen-file report (Geological Survey (U.S.)) ;$v82-1101.
=951  \\$104$aFIU01:000441713;$5FMFIU
=951  \\$109$aNFU01:000210175;$5FJUNF
=951  \\$108$aUFU01:001256822;$5FU

