=LDR  01234nam a2200301Ia 4500
=001  025475276
=005  20120623065800.0
=008  890720s1989\\\\maua\\\\\b\\\\000|0\eng\d
=035  \\$a(OCoLC)20039012
=040  \\$aLAS$cLAS
=090  \\$aHF5415.13$b.G521 1989
=100  1\$aGlazer, Rashi.
=245  10$aMarketing and the changing information environment :$bimplications for strategy, structure, and marketing mix /$cby Rashi Glazer.
=260  \\$aCambridge, Mass. :$bMarketing Science Institute,$cc1989.
=300  \\$a37 p. :$bill. ;$c28 cm.
=490  1\$aReport / Marketing Science Institute ;$vno. 89-108$5FU$5FPeU
=490  1\$aReport ;$vno. 89-108$5FOFT
=500  \\$a"Marketing Science Institute, Research Program, working paper"-- Cover.$5FU$5FPeU$5FOFT
=500  \\$a"March 1989."$5FU$5FPeU$5FOFT
=504  \\$aIncludes bibliographical references (p. 32-36).
=650  \0$aMarketing$xManagement.
=650  \0$aTechnological innovations.
=650  \0$aAdvertising media planning.
=710  2\$aMarketing Science Institute.$bResearch Program.
=830  \0$aReport (Marketing Science Institute) ;$vno. 89-108.
=951  \\$107$aCFU01:000422287;$5FOFT
=951  \\$108$aUFU01:001148460;$5FU
=951  \\$111$aWFU01:000314043;$5FPeU

