=LDR  03809cam a2200997 a 4500
=001  025490046
=005  20140306162844.0
=008  110608s2011\\\\txu\\\\\\b\\\\001\0\eng\\
=010  \\$a2011022824
=020  \\$a9780292726772 (cloth : alk. paper)
=020  \\$a0292726775 (cloth : alk. paper)
=020  \\$a9780292729094 (pbk. : alk. paper)
=020  \\$a029272909X (pbk. : alk. paper)
=020  \\$a9780292735507 (e-book)
=020  \\$a0292735502 (e-book)
=035  \\$a(OCoLC)714734743
=040  \\$aDLC$beng$cDLC$dBTCTA$dDEBBG$dIXA$dYDXCP$dBWX$dCDX$dTJC
=041  1\$aeng$hgrc
=043  \\$ae-gr---
=050  00$aPA3951$b.E5 2011b
=082  00$a885/.01$223
=100  1\$aDemosthenes.
=240  10$aSelections.$lEnglish.$f2011
=245  10$aDemosthenes, speeches 1-17 /$ctranslated with introduction and notes by Jeremy Trevett.
=246  30$aSpeeches 1-17
=250  \\$a1st ed.
=260  \\$aAustin :$bUniversity of Texas Press,$c2011.
=300  \\$axxxii, 318 p. ;$c23 cm.
=490  1\$aThe oratory of classical Greece ;$vv. 14$5FTaSU$5FU
=490  1\$aThe oratory of classical Greece ;$v14$5FMFIU
=504  \\$aIncludes bibliographical references (p. [301]-307) and index.
=599  \8$aufu01:005524768
=599  \\$a(FU)YBPTOC20140306$5FU
=600  00$aDemosthenes$vTranslations into English.
=650  \0$aSpeeches, addresses, etc., Greek$vTranslations into English.
=651  \0$aAthens (Greece)$xPolitics and government$vEarly works to 1800.
=700  1\$aTrevett, Jeremy.
=830  \0$aOratory of classical Greece ;$vv. 14.
=970  01$tSeries Editor's Preface$cMichael Gagarin$fGagarin, Michael$pix
=970  01$tTranslator's Preface$cJeremy Trevett$fTrevett, Jeremy$pxi
=970  01$tSeries Introduction$cMichael Gagarin$fGagarin, Michael$pxiii
=970  01$tOratory in Classical Athens$pxiii
=970  01$tOrators$pxvi
=970  01$tWorks of the Orators$pxix
=970  01$tGovernment and Law in Classical Athens$pxxii
=970  01$tTranslation of Greek Oratory$pxxix
=970  01$tAbbreviations$pxxx
=970  01$tNote on Currency$pxxx
=970  01$tBibliography of Works Cited$pxxxi
=970  01$tIntroduction to Demosthenes$cMichael Gagarin$fGagarin, Michael$p1
=970  11$tLife$p1
=970  11$tWorks$p3
=970  11$tStyle$p4
=970  11$tSignificance$p5
=970  01$tIntroduction to This Volume$cJeremy Trevett$fTrevett, Jeremy$p6
=970  11$tPolitical Life in Fourth-Century Athens$p6
=970  11$tAthens in the Middle of the Fourth Century$p8
=970  11$tPhilip of Macedon$p10
=970  11$tDemosthenes' Policies$p13
=970  11$tComposition, Delivery, and Publication$p18
=970  11$tAncient Commentators on Demosthenes$p22
=970  11$tList of Works in This Volume$p24
=970  11$tChronology$p25
=970  11$tDEMOSTHENES (Jeremy Trevett)
=970  11$l1.$tFirst Olynthiac$p27
=970  11$l2.$tSecond Olynthiac$p41
=970  11$l3.$tThird Olynthiac$p53
=970  11$l4.$tFirst Philippic$p68
=970  11$l5.$tOn the Peace$p88
=970  11$l6.$tSecond Philippic$p100
=970  11$l7.$tOn Halonnesus$p113
=970  11$l8.$tOn the Chersonese$p129
=970  11$l9.$tThird Philippic$p152
=970  11$l10.$tFourth Philippic$p177
=970  11$l11.$tResponse to the Letter of Philip$p201
=970  11$l12.$tLetter of Philip$p211
=970  11$l13.$tOn Organization$p224
=970  11$l14.$tOn the Symmories$p240
=970  11$l15.$tOn the Freedom of the Rhodians$p257
=970  11$l16.$tFor the Megalopolitans$p274
=970  11$l17.$tOn the Agreement with Alexander$p286
=970  01$tBibliography for This Volume$p301
=970  01$tIndex$p309
=951  \\$104$aFIU01:001828232;$5FMFIU
=951  \\$105$aFSU01:003189056;$5FTaSU
=951  \\$108$aUFU01:005524768;$5FU

