=LDR  01639nam a2200385 a 4500
=001  025509226
=005  20120216155943.0
=006  m\\\\\\\\d\f\\\\\\
=007  cr\cn|||||||||
=008  120113s2001\\\\mdu\\\\\o\\\\f000\0\eng\c
=035  \\$a(OCoLC)772633932
=040  \\$aGPO$cGPO$dGPO$dMvI
=042  \\$apcc
=043  \\$an-us---
=074  \\$a0497-D-18 (online)
=086  0\$aHE 20.418:2/2001
=245  00$aKAP keys for clinicians$h[electronic resource] :$bbased on TIP 2, pregnant, substance-using women.
=246  3\$aPregnant, substance-using women
=260  \\$a[Rockville, MD?] :$bU.S. Dept. of Health and Human Services, Substance Abuse and Mental Health Services Administration, Center for Substance Abuse Treatment,$c[2001]
=300  \\$a1 online resource ([7] p.).
=490  1\$aDHHS publication ;$vno. (SMA) 01-3552$5FTaSU$5FMFIU$5FU$5FFmFGC$5FOFT
=490  1\$aTIP ;$v2$5FTaSU$5FMFIU$5FU$5FFmFGC$5FOFT
=500  \\$a"CSAT's Knowledge Application Program."$5FTaSU$5FMFIU$5FU$5FFmFGC$5FOFT
=650  \0$aWomen$xSubstance use.
=650  \0$aSubstance abuse in pregnancy$xTreatment$zUnited States.
=710  2\$aCenter for Substance Abuse Treatment (U.S.)
=830  \0$aDHHS publication$vno. (SMA) 01-3552.
=830  \0$aTreatment improvement protocol (TIP) series ;$v2.
=856  40$uhttp://purl.fdlp.gov/GPO/gpo17684$5FTaSU$5FMFIU$5FU$5FOFT
=856  40$yConnect Now$uhttp://purl.fdlp.gov/GPO/gpo17684$5FFmFGC
=951  \\$107$aCFU01:002150994;$5FOFT
=951  \\$104$aFIU01:001832790;$5FMFIU
=951  \\$105$aFSU01:003189705;$5FTaSU
=951  \\$103$aGCU01:000537678;$5FFmFGC
=951  \\$108$aUFU01:005538189;$5FU

