=LDR  00763nam a2200241Ii 4500
=001  025528707
=005  20120623022300.0
=008  800321s1978\\\\sz\adh\\\b\\\\000|0bfre\c
=020  \\$a376431057X
=035  \\$a(OCoLC)06113306
=040  \\$aFGM$cFGM
=090  \\$aQA29.G29$bK64 1978
=100  1\$aKollros, Louis,$d1878-
=245  10$aEvariste Galois /$cpar Louis Kollros.
=250  \\$a2. éd.
=260  \\$aBasel :$bBirkhaüser,$cc1978.
=300  \\$a24 p. :$bill., port., facsim. ;$c24 cm.
=490  0\$aBeihefte zur Zeitschrift Elemente der Mathematik ; Nr. 7$5FBoU
=490  0\$aKurze Mathematiker. Biographien$5FBoU
=500  \\$aCover-title.$5FBoU
=504  \\$aBibliography: p. 24.
=600  10$aGalois, Évariste,$d1811-1832.
=951  \\$102$aFAU01:000218112;$5FBoU

