=LDR  01672cam a2200385 a 4500
=001  025544166
=005  20110823133832.0
=008  100810s2011\\\\nyuab\\\\b\\\\001\0\eng\\
=010  \\$a2010032027
=020  \\$a9780816074495
=020  \\$a0816074496
=035  \\$a(OCoLC)606770391
=040  \\$aDLC$cDLC$dYDX$dBTCTA$dYDXCP$dBWX
=043  \\$as-pe---$asn-----
=050  00$aF3429$b.S93 2011
=082  00$a985/.019$222
=100  1\$aCohen Suarez, Ananda.
=245  10$aHandbook to life in the Inca world /$cAnanda Cohen Suarez, Jeremy James George.
=260  \\$aNew York :$bFacts On File,$cc2011.
=300  \\$axii, 330 p. :$bill., maps ;$c25 cm.
=490  0\$aHandbook to life$5FOFT
=490  1\$aFacts on File library of world history$5FMFIU
=504  \\$aIncludes bibliographical references and index.
=505  0\$aInca civilization and archaeology -- Evolution of Andean civilization -- Geography of the Inca world -- Society and government -- Military & warfare -- Religion, cosmology, and mythology -- Funerary beliefs and customs -- Inca art -- Inca architecture and urbanism -- The calendar, astronomy, and mathematics -- Economy, industry, and trade -- Daily life -- The conquest and the post-conquest world -- Glossary.$5FMFIU$5FOFT
=650  \0$aIncas$xHistory.
=650  \0$aIncas$xSocial life and customs.
=650  \0$aIncas$xIntellectual life.
=650  \0$aIncas$xColonization.
=651  \0$aAndes$xCivilization.
=651  \0$aPeru$xCivilization.
=700  1\$aGeorge, Jeremy James.
=830  \0$aFacts on File library of world history.
=915  \\$aPromptCat
=951  \\$107$aCFU01:001984172;$5FOFT
=951  \\$104$aFIU01:001759624;$5FMFIU

