=LDR  07329cam a2200541 a 4500
=001  025563582
=005  20120518085202.0
=008  111109s2011\\\\fr\a\\\\\b\\\\000\0\fre\\
=010  \\$a2012424532
=020  \\$a9782296561724
=020  \\$a2296561721
=020  \\$a2296561721 (pbk.)
=020  \\$a9782296561724 (pbk.)
=035  \\$a(OCoLC)761845051
=040  \\$aDLC$beng$cDLC$dTZT$dN15$dOSU$dCOO$dYOU$dDEBBG$dFDA
=042  \\$apcc
=043  \\$ae-fr---
=050  00$aPQ2417$b.K73 2011
=072  \7$aPQ$2lcco
=082  14$a840$21
=100  1\$aKrauthaker, Marion.
=245  12$aL'identité de genre dans les œuvres de George Sand et Colette /$cMarion Krauthaker.
=260  \\$aParis :$bHarmattan,$cc2011.
=300  \\$a394 p. :$bill. ;$c22 cm.
=490  1\$aCollection homotextualités$5FTaSU
=490  1\$aHomotextualités$5FU
=504  \\$aIncludes bibliographical references (p. [371]-388).
=505  00$tLes différents types de lesbianisme chez Colette --$tLa réserve chez Sand --$g5.$tLe travestissement comme symptôme de la fluidité des identités de genre --$tEnjeux et symbolique du travestissement --$tHistoire --$tDéfinition --$tThéories --$tL'identité de genre en procès --$tLa "dissimulation" --$tL'"inversion" --$g6.$t"Le genre au service du genre" : L'expérimentation générique comme renfort des postulats sur l'identité de genre --$tSand contre le réalisme ? --$tLe paysage littéraire du dix-neuvième siècle --$tUne exploration des genres --$tUne transgression des formes privilégiées --$tColette contre les genres ? --$tL'éclatement des genres littéraires --$tUne oeuvre hétéroclite --$tUne transgression générique --$g7.$tLa réalisation d'une identité de genre dégagée des structures traditionnelles --$tLa fin des oppositions hiérarchiques pour une réalisation identitaire idéale --$tLa symbolique de l'unité des opposés traditionnels --$tLes contextes symboliques du "hors-lieu" et du "hors-temps" --$t2. Aspects et dynamiques de l'identité de genre idéale --$tL'identité de genre individuelle et multiforme chez Sand --$tUn nouvel ordre des identités chez Colette.$5FTaSU$5FU
=505  00$tIntroduction --$tLe lien entre George Sand et Colette --$tLe cheminement de l'étude --$tPoints de départ --$tApproche et objectifs --$tMéthode et sources --$tGrandes lignes --$g1.$tContexte historique et développements théoriques : l'identité de genre en question --$tLe passé : Eveil d'une conscience sur l'identité de genre --$tDéfinition --$tEvolution du concept d'identité de genre --$tLe Présent : Enjeux du genre --$tNaissance des contestations --$tLe genre en perspective --$tLe Futur : Détection des systèmes fondamentaux --$tLe patriarcat --$tLe "Système binaire" --$tLes "assimilations patriarcales" --$tLa subversion --$g2.$tDes ouvrages de rupture : présentations de l'artificialité du système binaire --$tIndiana ou la sujétion des femmes comme création patriarcale --$tLa Marquise ou le renversement de la passivité "féminine" --$tLa passivité du "féminin" comme création patriarcale --$tLe renversement des hiérarchies binaires --$tGabriel ou le combat entre essentialisme et constructivisme --$tLe caractère codé de la différence sexuelle hiérarchisée --$tLa contestation de l'argument biologique --$tChéri ou la déstabilisation du système binaire --$5FTaSU$5FU
=505  00$tLe Pur et l'impur ou la dépolarisation des sujets --$tBella Vista ou le brouillage des distinctions binaires --$g3.$tLa subversion du genre : la "féminité" et la "masculinité" sous un nouveau jour --$tLa mutation du modèle "féminin" traditionnel --$tLes multiples facettes de la "féminité" --$tUne "féminité" positive --$tLe refus du destin "féminin" --$tLa réhabilitation de la "masculinité" --$tLes patriarches déchus --$tLes antipatriarches --$tLes autres destinées des hommes --$g4.$tL'opposition à l'hétéronormativité par le renversement d'une sexualité codifiée --$tHistoire et symbolique de l'homosexualité --$tL'homosexualité "masculine" --$tTendances homosexuelles du personnage sandien --$tL'homosexuel victime du patriarcat chez Colette --$tBanaliser le marginal --$tL'homosexualité "féminine" --$tLe lesbianisme comme rupture radicale du patriarcat --$5FTaSU$5FU
=520  \\$a"George Sand et Colette sont connues pour avoir publié des ouvrages dévoilant un grand modernisme et un engagement sur la question des relations entre les sexes. Cet ouvrage dévoile qu'alors que le XIXe et le début du XXe siècle se focalisaient surtout sur des revendications féministes visant la libération des femmes, ces deux auteurs cherchaient aussi à dénoncer les codes traditionnellement imposés à tous les individus et à leur identité. Alors que le concept d'identité de genre n'était pas clairement théorisé à l'époque, leurs écrits suggèrent que Sand et Colette avaient déjà l'intuition que les hommes comme les femmes pouvaient être victimes des lois sociales fondées sur la différence sexuelle. Elles dénonçaient les limites que la société imposait aux sujets selon leur sexe et subvertissaient les schémas traditionnels de la formation identitaire. Pour cela, elles présentaient souvent la bipolarité des structures patriarcales comme une construction artificielle, elles mettaient en scène de nouveaux modèles de "féminité", de "masculinité" et de sexualité et elles démontraient une indéniable volonté de rupture et de remise en cause des traditions. Cette étude met aussi en évidence comment ces subversions successives peuvent are lues comme des présentations très modernes d'une identité de genre perçue comme une structure en constante mutation qui désavoue les inscriptions traditionnelles et normalisées. De manière étonnante, les illustrations d'expressions identitaires individuelles et plurielles chez Sand et l'élaboration d'un nouvel ordre des identités chez Colette rapprochent leurs écrits de théorisations contemporaines du genre."--P. [4] of cover.
=600  00$aColette,$d1873-1954$xCriticism and interpretation.
=600  10$aSand, George,$d1804-1876$xCriticism and interpretation.
=600  17$aColette.$0(DE-588c)4010380-8$2swd
=600  17$aSand, George.$0(DE-588c)4051536-9$2swd
=650  \0$aFrench literature$xWomen authors$xHistory and criticism.
=650  \0$aWomen and literature$zFrance.
=650  \0$aSex role in literature.
=650  \0$aGender identity in literature.
=650  07$aRoman.$0(DE-588c)4050479-7$2swd
=650  07$aLiteraturgattung.$0(DE-588c)4074285-4$2swd
=653  \\$aFrench literature -- 19th-20th century$aWomen authors -- Gender identity
=830  \0$aCollection Homotextualités.
=856  \\$uhttp://bvbr.bib-bvb.de:8991/F?func=service&doc_library=BVB01&doc_number=024617156&line_number=0003&func_code=DB_RECORDS&service_type=MEDIA$zBuchcover$5FU
=856  \\$uhttp://bvbr.bib-bvb.de:8991/F?func=service&doc_library=BVB01&doc_number=024617156&line_number=0002&func_code=DB_RECORDS&service_type=MEDIA$zKlappentext$5FU
=856  \\$uhttp://bvbr.bib-bvb.de:8991/F?func=service&doc_library=BVB01&doc_number=024617156&line_number=0001&func_code=DB_RECORDS&service_type=MEDIA$zInhaltsverzeichnis$5FTaSU$5FU
=951  \\$105$aFSU01:003191773;$5FTaSU
=951  \\$108$aUFU01:005548362;$5FU

