=LDR  03307cgm a2200697Ia 4500
=001  025578928
=005  20120510123745.0
=007  vd\cvaizu
=008  080415p20071983mau053\e\\\\\\\\\\vleng\d
=019  \\$a223985981
=035  \\$a(OCoLC)58972789
=040  \\$aMSC$cMSC$dOCLCQ$dOIP$dRCS$dWAU
=043  \\$aa-nw---
=050  14$aGN671.N5$bF57 2004
=082  04$a306.09953$222
=082  04$a305.8009956$222
=090  \\$aGN671.N5$bF57 2007
=245  00$aFirst contact$h[videorecording] /$cproduced and directed by Bob Connolly and Robin Anderson in association with Institute of Papua New Guinea Studies.
=257  \\$aAustralia ;$aCandada ;$aUnited States$2naf
=260  \\$aNew York, NY :$bFilmakers Library,$c[2004]
=300  \\$a1 videodisc (55 min.) :$bsd., col. ;$c4 3/4 in.
=490  1\$aThe Highlands trilogy$5FOFT
=490  1\$aPapua New Guinea trilogy$5FTaSU
=500  \\$aOriginally produced in 1983.$5FOFT
=500  \\$aOriginally produced as a motion picture in 1982.$5FTaSU
=505  2\$aExtras: Sunday review ; Interview with Bob Connolly.$5FOFT
=508  \\$aPhotography, Tony Wilson, Dennis O'Rourke ; sound, Ian Wilson ; sound mixing, Julian Ellingworth ; editors, Stewart Young and Martyn Down ; music, Ron Carpenter ; associate producer, Dick Smith.
=511  0\$aNarrator, Richard Oxenburgh.
=520  \\$aRecounts the discovery of a flourishing native population in the interior highlands of New Guinea in 1930 in what had been thought to be an uninhabited area. Inhabitants of the region and surviving members of the Leahy brothers' gold prospecting party recount their astonishment at this unforeseen meeting. Includes still photographs taken by a member of the expedition and contemporary footage of the island's terrain.
=521  8\$aIntended audience: Ages 16 through adults.
=538  \\$aDVD.$5FOFT
=538  \\$aDVD-R, NTSC.$5FTaSU
=546  \\$aIn English and Papua New Guinean dialects subtitled in English.
=650  \0$aEthnology$zNew Guinea.
=650  \0$aFirst contact of aboriginal peoples with Westerners$zNew Guinea.
=650  \0$aEthnology$zPapua New Guinea.
=650  \0$aFirst contact of aboriginal peoples with Westerners$zPapua New Guinea.
=650  \1$aPrimitive societies$xFirst contact with Europeans.
=651  \0$aPapua New Guinea$xSocial life and customs.
=651  \1$aNew Guinea$xSocial life and customs.
=655  \7$aEthnographic films.$2lcgft
=655  \7$aDocumentary films.$2lcgft
=655  \7$aNonfiction films.$2lcgft
=655  \7$aFeature films$zUnited States.$2local
=655  \7$aFeature films$zCanada.$2local
=655  \7$aFeature films$zAustralia.$2local
=655  \7$aFeature films.$2lcgft
=700  1\$aAnderson, Robin,$d1948-2002.$4pro$4drt
=700  1\$aConnolly, Bob.$4ive$4pro$4drt
=700  1\$aCarpenter, Ron.$4cmp
=700  1\$aOxenburgh, Richard.$4nrt
=700  1\$aAnderson, Robin,$d1948-2002.$4drt
=700  1\$aConnolly, Bob.$4drt
=710  2\$aDocumentary Educational Resources (Firm)
=710  2\$aArundel Productions.
=710  2\$aFilmakers Library, inc.
=710  2\$aInstitute of Papua New Guinea Studies.
=830  \0$aPapua New Guinea trilogy.
=830  \0$aHighlands trilogy.
=951  \\$107$aCFU01:002129979;$5FOFT
=951  \\$105$aFSU01:003192350;$5FTaSU

