=LDR  00845cam a2200241I  4500
=001  025595104
=005  20070822093132.0
=008  750512s1962\\\\nyu\\\\\\b\\\\001\0beng\\
=010  \\$a62017571
=035  \\$a(OCoLC)01327799
=040  \\$aDLC$cORL$dOCL$dOCLCQ$dFHC
=050  0\$aN6923.B9$bR57 1962
=082  0\$a927
=100  1\$aRolland, Romain,$d1866-1944.
=245  10$aMichelangelo /$cRomain Rolland ; with a new preface by Robert J. Clements ; translated by Frederick Street.
=260  \\$aNew York :$bCollier Books,$c1962.
=300  \\$a160 p. ;$c18 cm.
=490  0\$aCollier books ;$vAS356X$5FSsNC
=490  0\$aCollier books, AS356X$5FTaSU
=504  \\$aIncludes bibliographical references (p. 153-155) and index.
=600  00$aMichelangelo Buonarroti,$d1475-1564.
=951  \\$105$aFSU01:003209144;$5FTaSU
=951  \\$106$aNCU01:000207791;$5FSsNC

