=LDR  01255nam a2200289I  4500
=001  025615712
=005  20120106152029.0
=008  770725s1924\\\\enkh\\\\\\\\\\000|0\engm\
=010  \\$a   25006110 
=035  \\$a(OCoLC)03137886
=040  \\$aDLC$cGUA$dGUA$dFUG
=050  0\$aPR8633$b.S4 n.s., no. 15
=100  1\$aFerguson, David,$dd. 1598,$ecomp.
=245  10$aFergusson's Scottish proverbs from the original print of 1641,$btogether with a larger manuscript collection of about the same period hitherto unpublished,$ced. by Erskine Beveridge.
=260  \\$aEdinburgh,$aLondon,$bPrinted for the Society by W. Blackwood and Sons,$c1924.
=300  \\$axxxix, 128 p.$bfacsims.$c23 cm.
=490  1\$aS.T.S.,$vnew ser. 15$5FTaSU
=490  1\$aThe Scottish text society. Publications ;$vNew ser., no. 15$5FU
=500  \\$aCompleted and extended after the editor's death by J. D. Westwood. cf. Pref.$5FTaSU$5FU
=500  \\$aWith facsimiles of original title-pages.$5FTaSU$5FU
=650  \0$aProverbs, Scottish.
=700  1\$aBeveridge, Erskine,$d1851-1920.
=700  1\$aWestwood, J. D.
=700  1\$aBeveridge, Erskine,$d1851-1920,$eed.
=830  \0$aScot. Text S. ;$vnew ser., 15.
=951  \\$105$aFSU01:000662192;$5FTaSU
=951  \\$108$aUFU01:001682597;$5FU

