=LDR  00910nam a2200217I  4500
=001  025636641
=005  20120623022800.0
=008  771017s1929\\\\xx\\\\\\\\\\\\000|0\eng\c
=010  \\$aa  29000755 //r2
=035  \\$a(OCoLC)03346792
=040  \\$aIllinois. Univ. Library$cCPL
=090  \\$aHF5011$b.I45 no.26
=110  1\$aUniversity of Illinois (Urbana-Champaign campus).$bBureau of Economic and Business Research.
=245  10$aStandard financial ratios for the public utility industry.
=260  \\$aUrbana,$bUniversity of Illinois,$c1929.
=300  \\$a44 p. incl. tables, diagrs.$c23 cm.
=490  0\$aUniversity of Illinois bulletin ;$vv. 26, no. 50$5FTaSU
=490  0\$aIts Bulletin no. 26$5FTaSU
=500  \\$aAt head of title: Bureau of business research, Chas. M. Thompson ... director, A.C. Littleton ... assistant director.$5FTaSU
=650  \0$aPublic utilities$xFinance.
=951  \\$105$aFSU01:000662997;$5FTaSU

