=LDR  00909aam a2200277 a 4500
=001  025668692
=005  20120623023000.0
=008  960520s1995\\\\enk\\\\\\b\\\\000|0\eng\\
=010  \\$a   96150390 
=015  \\$aGB96-2511
=019  \\$a34079039
=020  \\$a0140433694
=035  \\$a(OCoLC)35115116
=040  \\$aDLC$cDLC$dUKM$dMIA$dFGM
=050  00$aPR5864.A2$bW6 1995
=082  00$a821/.7$220
=100  1\$aWordsworth, William,$d1770-1850.
=245  14$aThe prelude :$bthe four texts (1798, 1799, 1805, 1850) /$cWilliam Wordsworth ; edited by Jonathan Wordsworth.
=260  \\$aLondon ;$aNew York :$bPenguin Books,$c1995.
=300  \\$alxvi, 667 p. ;$c20 cm.
=490  0\$aPenguin classics$5FBoU
=490  0\$aPenguin English poets$5FBoU
=504  \\$aIncludes bibliographical references (p. [541]-664).
=650  \0$aEnglish poetry.
=700  1\$aWordsworth, Jonathan.
=951  \\$102$aFAU01:000701384;$5FBoU

