=LDR  03047cam a2200325Ia 4500
=001  025683221
=005  20120623033900.0
=008  820223s1980\\\\dcuo\\\\\b\\\\000|0\eng\d
=035  \\$a(OCoLC)08184210
=040  \\$aVYF$cVYF$dMBU$dFCM
=043  \\$an-us---
=090  \\$aHQ1064.U5$bS64
=100  1\$aSoldo, Beth J.
=245  10$aAmerica's elderly in the 1980's /$cby Beth J. Soldo.
=260  \\$aWashington, D.C. :$bPopulation Reference Bureau, Inc.,$c1980.
=300  \\$a48 p. :$bill. ;$c23 cm.
=490  0\$aPopulation bulletin ;$vv. 35, no. 4, November 1980$5FTaFA
=490  0\$aPopulation bulletin ;$vv. 35, no. 4$5FTaSU
=500  \\$aCover title.$5FTaFA$5FTaSU
=500  \\$a"November 1980"$5FTaSU
=504  \\$a"References": p. 44-46; "selected bibliography": p. 47.
=520  3\$aAlthough elderly Americans are healthier than ever before, many of those 75 and over need long-term health care. Finnacial coverage for the home care which they and their families prefer is extremely limited under current Medicare and Medicaid regulations. Future shifts in policy on the elderly may include increasing the eligible age for retirement benefits even beyond 65, encouraging greater personal pre-retirement savings, and shoring up the "informal support network" of family, friends, etc., which already provides most of the elderly's support. The national programs for the elderly characteristic of all aging developed nations are necessarily limited in developing countries where proportions of people 65 and over are still small but their numbers will double to 229 million in 2000, 58 percent of a then world total of 396 million elderly. Growing problems of the elderly in less developed nations will be the focus of the United Nations World Assembly on the Aging in 1982.
=520  3\$aThanks to high pre-World War I fertility and a life expectancy increase from 47 years in 1900 to 73 in 1978, people aged 65 and over, and particulary the "old old" 75 and over, are the fastest growing group in U.S. society. They number 25 million in 1980, 11 percent of the population, with women outnumbering men by 5 million. A quarter of the federal budget, {dollar}155 billion in 1980, now goes to their support. But poor coordination among the 135 to 200 federal programs serving the elderly means many go in need. Only 3 percent benefit from government housing programs and a third remain ill housed. Close to a quarter live near or below the poverty level while Social Security funding of retirement benefits is in trouble and much more could lie ahead when the baby boom generation swells this age group to 45 million in 2020. Currently, the impact of inflation on fixed retirement incomes may be reversing the trend toward early retirement and forcing many elderly back to work.
=650  \0$aAged$zUnited States.
=650  \0$aOlder people$zUnited States.
=650  \2$aAged$zUnited States
=710  2\$aPopulation Reference Bureau.
=730  00$aPopulation bulletin.
=951  \\$101$aAMU01:000193701;$5FTaFA
=951  \\$105$aFSU01:001729574;$5FTaSU

