=LDR  02222pam a2200481 a 4500
=001  025703271
=005  20120611131815.0
=008  820322s1982\\\\nyu\\\\\\b\\\\001\0\eng\\
=010  \\$a   82005326 
=020  \\$a0306408465 :$c{dollar}19.50
=020  \\$a0306408465
=035  \\$a(OCoLC)08344822
=040  \\$aDLC$cDLC$dFDA
=050  0\$aRC451.4.W6$bC66
=050  0\$aRC451.4.W6$bC66 1982
=060  \\$aWP 100.3 W872 1978
=082  0\$a616.89/0088042$219
=096  \\$aWM 460.5 .W6 C744 1982
=245  00$aConcepts of femininity and the life cycle /$cedited by Carol C. Nadelson and Malkah T. Notman.
=260  \\$aNew York :$bPlenum Press,$cc1982.
=300  \\$ax, 206 p. ;$c24 cm.
=440  \0$aWomen in context$5FOFT$5FTaSU
=440  \0$aWomen in context : development and stresses$5FU
=440  \4$aThe Woman patient ;$vv. 2$5FU$5FTaSU
=490  1\$aWomen in context$5FJUNF
=490  1\$aThe Woman patient ;$vv. 2$5FOFT$5FJUNF
=504  \\$aIncludes bibliographical references and index.
=505  0\$aFeminine development / Malkah Notman -- Changing views of the relationship between femininity and reproduction / Malkah Notman and Carol Nadelson -- Changing sex stereotypes / Norman E. Zinberg -- The Black woman growing up / Veva H. Zimmerman --The early mother-child relationship / T. Berry Brazelton and Constance H. Keefer -- To marry or not to marry / Carol Nadelson and Malkah Notman -- Maternal work and children / Malkah Notman and Carol Nadelson -- Midlife concerns of women / Malkah Notman -- Marriage and midlife / Carol Nadelson, Derek C. Polonsky, and Mary Alice Mathews -- Separation / Joan J. Zilbach -- Women and aging / Golda M. Edinburg.$5FJUNF$5FU$5FTaSU
=650  \0$aFemininity.
=650  \0$aWomen$xMental health.
=650  \0$aWomen$xPsychology.
=650  \2$aDelivery of health care.
=650  \2$aGenital diseases, Female.
=650  \2$aWomen.
=650  \2$aSex Disorders
=700  1\$aNadelson, Carol C.
=700  1\$aNotman, Malkah T.
=830  \0$aWomen in context.
=830  \0$aWoman patient ;$vv. 2.
=951  \\$107$aCFU01:000207274;$5FOFT
=951  \\$105$aFSU01:000484609;$5FTaSU
=951  \\$109$aNFU01:000268963;$5FJUNF
=951  \\$108$aUFU01:000372475;$5FU

