=LDR  00856nam a2200277I  4500
=001  025725402
=005  20140318173800.0
=008  810721s1929\\\\gw\ac\\\\\\\\\000|0\germ\
=010  \\$a   46041923 
=035  \\$a(OCoLC)07601779
=040  \\$aDLC$cNDD$dFGM
=050  0\$aAC35$b.B796
=090  \\$aAC35$b.B8
=100  1\$aBurckhardt, Jacob,$d1818-1897.
=245  10$aKulturgeschichtliche Vorträge,$cvon Jacob Burckhardt. Mit einem Nachwort hrsg. von Rudolf Marx.
=260  \\$aLeipzig,$bA. Kröner$c[1929]
=300  \\$a431 p.$bill., port.$c18 cm.
=490  0\$aKröner's Taschenausgabe, Bd. 56$5FBoU
=490  0\$aKröner's Taschenausgabe,$vBd. 56$5FTS
=650  \0$aCivilization
=650  \0$aHistory
=650  \0$aLiterature
=650  \0$aArt
=700  1\$aMarx, Rudolf,$d1899-
=951  \\$102$aFAU01:000226462;$5FBoU
=951  \\$110$aSFU01:000370077;$5FTS

