=LDR  04814nam a22008298a 4500
=001  025747438
=005  20050509130929.0
=008  980813s1999\\\\ilua\\\\\b\\\\001\0\eng\\
=010  \\$a98040324
=020  \\$a0070067864
=035  \\$a(OCoLC)39756245
=040  \\$aDLC$cDLC$dOrLoB-B
=050  00$aHG4963$b.H528 1999
=082  00$a332.63/23$221
=245  00$aHigh yield bonds :$bmarket structure, portfolio management, and credit risk modeling /$cedited by Theodore M. Barnhill, William F. Maxwell, and Mark R. Shenkman.
=260  \\$aNew York :$bMcGraw-Hill,$c1998.
=300  \\$axxxii, 574 p. :$bill.
=440  \0$a[Irwin library of investment & finance]$5FMFIU
=490  0\$a[Irwin library of investment & finance]$5FBoU
=490  1\$aIrwin Library of investment and finance$5FU
=500  \\$aSeries statement from book jacket.$5FJUNF
=500  \\$aSeries statement from jacket.$5FMFIU
=504  \\$aIncludes bibliographical references and index.
=520  1\$a"High-Yield Bonds provides state-of-the-art research, strategies, and tools - alongside the expert analysis of respected authorities to help you truly understand today's high-yield market." "High-Yield Bonds provides extensive coverage of bond valuation and the construction and management of high-yield portfolios. Advanced Monte Carlo simulation models for the valuation of bonds and options on bonds as well as risk assessments on portfolios of bonds under conditions of correlated interest rate and credit risk are demonstrated." "High-Yield Bonds will provide you with a valuable reference to this fascinating and constantly changing class of securities, helping you assemble a stable, diversified portfolio of fixed income investments that provides the greatest returns and the lowest risks."--BOOK JACKET.
=650  \0$aCredit.
=650  \0$aJunk bonds.
=650  \0$aPortfolio management.
=700  1\$aBarnhill, Theodore M.
=700  1\$aMaxwell, William F.,$d1965-
=700  1\$aShenkman, Mark R.
=830  \0$aIrwin library of investment & finance
=970  11$lPt. 1$tMarket Structure
=970  12$l1$tHigh Yield Market$p3
=970  12$l2$tChanges in the High Yield Market: A Historic Perspective$p17
=970  12$l3$tLeveraged Loan Market$p40
=970  12$l4$tGlobalization of the High Yield Market$p61
=970  11$lPt. 2$tSecurity Risk Analysis
=970  12$l5$tHistorical Default Rates of Corporate Bond Issuers, 1920-1996$p75
=970  12$l6$tAlmost Everything You Wanted to Know about Recoveries on Defaulted Bonds$p104
=970  12$l7$tMoody's Rating Migration and Credit Quality Correlation, 1920-1996$p118
=970  12$l8$tModeling Bond Rating Changes for Credit Risk Estimation$p156
=970  12$l9$tReal Interest Rates and the Default Rate on High Yield Bonds$p164
=970  11$lPt. 3$tSecurity Valuation
=970  12$l10$tValuing Like-Rated Senior and Subordinated Debt$p177
=970  12$l11$tDeterminants of Spreads on New High Yield Bond Offerings$p198
=970  12$l12$tAnalyzing a High Yield Issue$p220
=970  12$l13$tValuing Bonds and Options on Bonds Having Correlated Interest Rate and Credit Risk$p232
=970  11$lPt. 4$tMarket Valuation Models
=970  12$l14$tMonetary Influences on the High Yield Spread versus Treasuries$p251
=970  12$l15$tModeling the Yields on Noninvestment-Grade Bonds$p269
=970  12$l16$tJanuary Effect in the Corporate Bond Market: A Systematic Examination$p280
=970  11$lPt. 5$tPortfolio Management
=970  12$l17$tHigh Yield as an Asset Class$p305
=970  12$l18$tAnalysis of High Yield Bond Indices$p336
=970  12$l19$tHow Many High Yield Bonds Make a Diversified Portfolio?$p370
=970  12$l20$tManaging a High Yield Portfolio$p380
=970  12$l21$tMonitoring a High Yield Portfolio$p391
=970  12$l22$tModeling High Yield Bond Portfolios with Correlated Interest Rate and Credit Risk$p401
=970  11$lPt. 6$tInvesting in Distressed Securities
=970  12$l23$tDo Seniority Provisions Protect Bondholders' Investments?$p415
=970  12$l24$tInvesting in Distressed Situations: A Market Survey$p431
=970  12$l25$tAnalyzing the Credit Risk of Distressed Securities$p473
=970  11$lPt. 7$tCorporate Finance
=970  12$l26$tStrategic Financing Choices for Emerging Firms: Debt versus Equity$p489
=970  12$l27$tAdvantages and Disadvantages of Public versus Private Issuances of High Yield Debt Securities$p507
=970  12$l28$tManaging Default: Some Evidence on How Firms Choose between Workouts and Chapter 11$p546
=951  \\$107$aCFU01:000797482;$5FOFT
=951  \\$102$aFAU01:000704694;$5FBoU
=951  \\$104$aFIU01:000815654;$5FMFIU
=951  \\$109$aNFU01:000477606;$5FJUNF
=951  \\$110$aSFU01:001197574;$5FTS
=951  \\$108$aUFU01:002453964;$5FU

