=LDR  00898cam a22002651  4500
=001  025766245
=005  20150126075000.0
=008  740801s1967\\\\mau\\\\\\\\\\\000|0\eng\\
=010  \\$a   66030750 //r882
=035  \\$a(OCoLC)01219505
=040  \\$aDLC$cDLC$dm.c.
=050  0\$aPR2819.A2$bK6 1967
=082  0\$a822/.3/3
=100  1\$aShakespeare, William,$d1564-1616.
=240  10$aKing Lear
=245  14$aThe tragedy of King Lear,$cedited by George Lyman Kittredge. Rev. by Irving Ribner.
=260  \\$aWaltham, Mass.,$bBlaisdell Pub. Co.$c[1967]
=300  \\$axvii, 147 p.$billus.$c21 cm.
=490  0\$aThe Kittredge Shakespeares$5FU
=490  0\$aA Blaisdell book in the humanities.$5FU
=650  \0$aLear, King (Legendary character)$vDrama$xDrama.
=700  1\$aKittredge, George Lyman,$d1860-1941.$eed.
=700  1\$aRibner, Irving$eed.
=740  0\$aKing Lear.
=951  \\$108$aUFU01:001665955;$5FU

