=LDR  01637nam a2200409Ia 4500
=001  025784548
=005  20120623070200.0
=008  911022s1991\\\\caua\\\\\b\\\\001|0\eng\d
=010  \\$a   85644753 
=020  \\$a1555427677
=035  \\$a(OCoLC)24600034
=040  \\$aYSY$cYSY$dFUG
=043  \\$an-us---
=090  \\$aHD75.7$b.E261 1991
=090  \\$aLB2328$b.N39 v. 19 no. 3
=090  \\$aLB2328$b.N5 no.75
=245  00$aEconomic and work force development /$cGeneva Waddell, editor.
=260  \\$aSan Francisco :$bJossey-Bass,$c1991.
=300  \\$a113 p. :$bill. ;$c23 cm.
=440  \0$aNew directions for community colleges,$x0194-3081 ;$vv.19 no.3$5FTS
=440  \0$aJossey-Bass higher and adult education series$5FU$5FTS$5FOFT
=440  \0$aNew directions for community colleges,$x0194-3081 ;$vno. 75$5FU$5FOFT
=490  0\$aJossey-Bass higher and adult education series$5FBoU
=490  0\$aNew directions for community colleges,$x0194-3081 ;$vno. 75 = v. 19 no. 3.$5FBoU
=500  \\$a"Fall 1991"$5FU$5FTS$5FOFT$5FBoU
=504  \\$aIncludes bibliographical references and index. "Sources and information : community colleges and economic development: p. 101-107.
=650  \0$aEconomic development$xEffect of education on.
=650  \0$aWork$xEconomic aspects.
=650  \0$aCommunity colleges$zUnited States.
=650  \0$aEducation, Cooperative.
=650  \0$aBusiness and education.
=700  1\$aWaddell, Geneva.
=700  1\$aWaddell, Geneva Watts.
=951  \\$107$aCFU01:000406862;$5FOFT
=951  \\$102$aFAU01:000449877;$5FBoU
=951  \\$110$aSFU01:000865002;$5FTS
=951  \\$108$aUFU01:001666581;$5FU

