=LDR  01282pam a2200313 a 4500
=001  025803313
=005  20120623072800.0
=008  910422s1991\\\\nyu\\\\\\b\\\\001|0\eng\\
=010  \\$a   91017364 
=020  \\$a0824044290 (alk. paper)
=035  \\$a(OCoLC)23732711
=040  \\$aDLC$cDLC
=050  00$aHG3881.5.W57$bW55 1991
=082  00$a016.3321/532$220
=100  1\$aWilson, Carol R.,$d1955-
=245  14$aThe World Bank Group :$ba guide to information sources /$cCarol R. Wilson.
=260  \\$aNew York :$bGarland,$c1991.
=300  \\$axviii, 322 p. ;$c23 cm.
=490  1\$aResearch and information guides in business, industry, and economic institutions ;$vvol. 4$5FU$5FTaSU$5FTS$5FMFIU
=490  1\$aGarland reference library of social sciences ;$vvol. 572$5FU$5FTaSU$5FTS$5FMFIU
=500  \\$aIncludes index.$5FU$5FTaSU$5FTS$5FMFIU
=610  20$aWorld Bank Group$vBibliography.
=650  \0$aBanks and banking, International$vBibliography.
=830  \0$aResearch and information guides in business, industry, and economic institutions ;$v4.
=830  \0$aGarland reference library of social science ;$vv. 572.
=951  \\$104$aFIU01:000458825;$5FMFIU
=951  \\$105$aFSU01:001260534;$5FTaSU
=951  \\$110$aSFU01:000873673;$5FTS
=951  \\$108$aUFU01:001667261;$5FU

