=LDR  01498nas a2200409Ia 4500
=001  025823404
=005  20101213104730.0
=008  850213c19849999nyuuu\p\\\\\\\0||\a0eng\d
=010  \\$asn 86015789 
=035  \\$a(OCoLC)11691579
=040  \\$aEZF$cEZF$dFNP
=042  \\$alcd
=090  \\$aHG4538.P76$bC26
=090  \\$aHG4538$b.C36
=090  \\$aHF5006$b.P7
=090  \\$aK4560.A7$bC35
=130  0\$aCapital formation (Price, Waterhouse Center for Transnationsl Taxation).
=245  00$aCapital formation :$binternational survey and analysis.
=260  \\$aNew York :$bPrice Waterhouse Center for Transnational Taxation,$c1984-
=300  \\$av. ;$c23 cm.
=362  0\$a1984-$5FJUNF$5FOFT$5FMFIU$5FTaSU
=440  \0$aPrice, Waterhouse information guide$5FOFT
=440  \0$aInformation guide (Price, Waterhouse & Co.)$5FTaSU
=490  0\$aInformation guide (Price, Waterhouse & Co.)$5FJUNF
=490  1\$aInformation guide - Price, Waterhouse$5FMFIU
=650  \0$aCorporations$xTaxation.
=650  \0$aInvestment tax credit.
=650  \0$aTax credits.
=650  \0$aCapital investments$xTaxation.
=650  \0$aCorporations, Foreign$xTaxation.
=710  2\$aPrice, Waterhouse Center for Transnational Taxation.
=760  0\$aPrice Waterhouse information guide
=830  \0$aInformation guide (Price, Waterhouse & Co.)
=951  \\$107$aCFU01:000219622;$5FOFT
=951  \\$104$aFIU01:000238542;$5FMFIU
=951  \\$105$aFSU01:000980169;$5FTaSU
=951  \\$109$aNFU01:000226407;$5FJUNF

