=LDR  01496cam a2200325Ia 4500
=001  025843753
=005  20111123124238.0
=008  760825s19751976mdu\\\\\\\\\\f000\0\eng\d
=020  \\$bpbk. :$c{dollar}0.35
=035  \\$a(OCoLC)02394772
=037  \\$a017-049-00067-4
=040  \\$aGPO$cGPO$dOCLCQ$dGPO$dMvI
=074  \\$a507-L-2
=086  \\$aHE 20.3502:P 22/975
=099  \\$aHE 20.3502:P 22/975
=110  2\$aNational Institute of Neurological and Communicative Disorders and Stroke.
=245  14$aThe NINCDS Parkinson's disease research program /$c[prepared by the National Institute of Neurological and Communicative Disorders and Stroke].
=260  \\$a[Bethesda, Md.] :$bU.S. Dept. of Health, Education, and Welfare, Public Health Service, National Institutes of Health, National Institute of Neurological and Communicative Disorders and Stroke ;$a[Washington :$bFor sale by the Supt. of Docs., U.S. Govt. Print. Off.,$c1975 i.e. 1976]
=300  \\$a[6] p. ;$c23 cm.
=490  0\$aDHEW publication ; no. (NIH) 76-629$5FU$5FTaFA
=490  0\$aDHEW publication ;$vno. (NIH) 76-629$5FMFIU$5FBoU
=500  \\$aMONTHLY CATALOG NUMBER: gp 76006727$5FTaFA
=500  \\$aCover title.$5FU$5FTaFA$5FMFIU$5FBoU
=500  \\$aS/N 017-049-00067-4.$5FMFIU$5FBoU
=650  \0$aParkinson's disease$xResearch.
=650  \0$aParkinsonism$xResearch.
=951  \\$101$aAMU01:000235090;$5FTaFA
=951  \\$102$aFAU01:000454689;$5FBoU
=951  \\$104$aFIU01:000264141;$5FMFIU
=951  \\$108$aUFU01:001162230;$5FU

