=LDR  01650nam a2200421Ia 4500
=001  025863840
=005  20140519123025.0
=008  810824s1916\\\\nyuaf\\j\\\\\\000|1\eng\d
=035  \\$a(OCoLC)07697995
=040  \\$aVPI$cVPI
=090  \\$aPZ7.S91$bRoc
=100  1\$aWinfield, Arthur M.
=245  14$aThe Rover boys on a tour, or :$bLast days at Brill College /$cby Arthur M. Winfield.
=246  3\$aLast days at Brill College.
=260  \\$aNew York :$bGrosset & Dunlap,$cc1916.
=300  \\$avi, 326 p. :$bill. ;$c20 cm.
=490  1\$aRover boys series for young Americans$5FMFIU
=490  1\$aRover boys series.$5FTS
=490  1\$aThe Rover boys' serie for young Americans ;$vv. 20$5FU
=590  \\$aCopy 1 has original pictorial cloth. In dust jacket. Copy 2 has original red cloth.$5FTS
=650  \0$aAutomobile travel$vJuvenile fiction.
=650  \0$aCollege students$vJuvenile fiction.
=650  \0$aFloods$vJuvenile fiction.
=655  \7$aDust jackets (Binding)$y1916.$2rbbin
=655  \7$aPublishers' advertisements$y1916.$2rbgenr
=655  \7$aSports stories$y1916.$2rbgenr
=690  \4$aBldn$y1916.$5FU
=700  1\$aStratemeyer, Edward.$d1862-1930.
=710  2\$aChildren's Literature Collection.$5FTS
=710  2\$aGrosset & Dunlap.
=740  4\$aThe Rover boys on a tour.
=740  4\$aLast days at Brill College.
=800  1\$aWinfield, Arthur M.$tRover boys series ;$v20.
=800  1\$aWinfield, Arthur M.$tRover boys series.
=800  1\$aWinfield, Arthur M.$tRover boys' series.$n1st ;$vv. 20.
=951  \\$104$aFIU01:000223146;$5FMFIU
=951  \\$110$aSFU01:000988636;$5FTS
=951  \\$108$aUFU01:002476171;$5FU

