=LDR  01010pam a2200301 a 4500
=001  025884363
=005  20120623061500.0
=008  820804s1982\\\\wb\a\\\\\b\\\\001|0\eng\\
=010  \\$a   82010782 
=020  \\$a0387117121 (U.S.)
=020  \\$a3540117121 (Berlin)
=035  \\$a(OCoLC)08708164
=040  \\$aDLC$cDLC$dFGM
=050  0\$aTA417.23$b.W33
=050  0\$aTA417.23$b.W33 1982
=082  0\$a502/.8/2$219
=100  1\$aWagner, R.$q(Richard),$d1947-
=245  10$aField-ion microscopy /$cby R. Wagner.
=260  \\$aBerlin ;$aNew York :$bSpringer-Verlag,$c1982.
=300  \\$a115 p. :$bill. ;$c25 cm.
=490  0\$aCrystals--growth, properties, and applications ; 6$5FBoU
=490  1\$aCrystals--growth, properties, and applications ;$v6$5FU
=504  \\$aIncludes bibliographical references and index to v. 1-6 of series.
=650  \0$aMaterials$xMicroscopy.
=650  \0$aField ion microscope.
=830  \0$aCrystals ;$v6.
=951  \\$102$aFAU01:000233417;$5FBoU
=951  \\$108$aUFU01:000339135;$5FU

