=LDR  01119cam a2200313   4500
=001  025903333
=005  20120623044600.0
=008  750717s1973\\\\onca\\\\\b\\\f000|0\engm\
=010  \\$a   75309251 //r79
=015  \\$aC***
=035  \\$a(OCoLC)01584173
=040  \\$aDLC$cDLC$dm.c.$dFDA
=050  0\$aQE185$b.A42 1973 no.26
=050  00$aQE185$b.A42 no. 73-26$aQE993
=082  0\$a557.1/08 s$a560
=100  1\$aBarss, M. S.
=245  10$aPalynology and nannofossil processing techniques$c[by] M. S. Barss and G. L. Williams.
=260  \\$a[Ottawa]$bDept. of Energy, Mines and Resources$c[1973]
=300  \\$a25 p.$billus.$c25 cm.
=490  0\$aGeological Survey of Canada. Paper$v73-26$5FTaSU
=490  1\$aGeological Survey of Canada. Paper 73-26$5FTS
=504  \\$aBibliography: p. 21-22.
=650  \0$aPalynology$xTechnique.
=650  \0$aMicropaleontology$xTechnique.
=700  1\$aWilliams, G. L.$q(Graham L.)
=700  1\$aWilliams, G. L.$q(Graham L.)$ejoint author.
=830  \0$aPaper (Geological Survey of Canada) ;$vno. 73-26.
=951  \\$105$aFSU01:000229974;$5FTaSU
=951  \\$110$aSFU01:001290776;$5FTS

