=LDR  01582cam a2200373I  4500
=001  025923579
=005  20120124073605.0
=008  750903s1898\\\\nyuc\\\\\\\\\\000\0\eng\d
=010  \\$a98001936
=019  \\$a60589510
=035  \\$a(OCoLC)01595751
=040  \\$aHRM$cHRM$dOCL$dOCLCQ$dOCLCG$dCUY$dKRTAS$dDLC$dAMAZN$dFUG
=050  \4$aPR4201$b.P6 1898, vol. 3
=082  04$a822
=082  14$a821.8$bB885 1898 v.3
=090  \\$aPR4222$b.R4 1898
=100  1\$aBrowning, Robert,$d1812-1889.
=245  14$aThe return of the Druses;$bA blot in the s̓cutheon; Colombes̓ birthday; Luria; A souls̓ tragedy,$cby Robert Browning, from the authors̓ revised text; ed. with introductions and notes by Charlotte Porter and Helen A. Clarke.
=260  \\$aNew York,$aBoston,$bT.Y. Crowell & Co.$c[c1898]
=300  \\$a4 p. l., [vii]-xxx, 337 p.$bfront. (port.)$c16 cm.
=490  0\$a[Complete works,$vv. 3]$5FTaSU
=490  0\$a[Complete works, v. 3]$5FU
=500  \\$aAdded t.-p., illustrated.$5FTaSU$5FU
=700  1\$aClarke, Helen Archibald,$dd. 1926,$ejoint ed.
=700  1\$aPorter, Charlotte Endymion,$d1859-1942,$eed.
=700  1\$aClarke, Helen Archibald,$dd. 1926.
=700  1\$aPorter, Charlotte Endymion,$d1859-1942.
=740  0\$aLuria.
=740  0\$aColombes̓ birthday.
=740  20$aA souls̓ tragedy.
=740  20$aA blot in the s̓cutcheon.
=776  08$iOnline version:$aBrowning, Robert, 1812-1889.$tReturn of the Druses.$dNew York, Boston, T.Y. Crowell & Co. [c1898]$w(OCoLC)567932813
=951  \\$105$aFSU01:000230802;$5FTaSU
=951  \\$108$aUFU01:005534890;$5FU

