=LDR  01248cam a2200325I  4500
=001  025946672
=005  20080507092633.0
=008  751210s1949\\\\tnu\\\\\\b\\\\000\0\eng\\
=010  \\$a49001097
=035  \\$a(OCoLC)01886951
=040  \\$aDLC$cFQG$dOCL$dSER$dOCLCQ$dFUG
=043  \\$an-us---
=050  0\$aLC577$b.H6
=082  \\$a377.87
=090  \\$aLC577$b.H6
=092  \\$a377.87$bH715p
=100  1\$aHograth, Charles Pinckney.
=245  10$aPolicy making in colleges related to the Methodist Church.
=260  \\$aNashville,$bGeorge Peabody College for Teachers,$c1949.
=300  \\$avii, 151 p.$c24 cm.
=490  1\$aGeorge Peabody College for Teachers. Contribution to education,$vno. 389$5FU
=490  1\$aContributions to education,$vno. 389$5FTaSU
=504  \\$aBibliography: p. 149-151.
=610  20$aMethodist Church in the United States$xEducation.
=610  20$aMethodist Church (U.S.)$xEducation.
=650  \0$aUniversities and colleges$zUnited States$xAdministration.
=810  2\$aGeorge Peabody College for Teachers.$tContribution to education ;$vno. 389.
=830  \0$aContributions to education (George Peabody College for Teachers) ;$vno. 389.
=951  \\$105$aFSU01:000737390;$5FTaSU
=951  \\$108$aUFU01:000685884;$5FU

