=LDR  01823cjm a2200313Mi 4500
=001  025965358
=005  20110104084543.0
=006  m\\\\\\\\h\\\\\\\\
=007  cr\|na---||a|a
=007  sz\z|nnnnnzne|
=008  970219s1994\\\\ne\\\nn\o\\\\\\\\\n\chi\d
=019  \\$a671843203
=040  \\$aALSTP$cALSTP
=245  00$aHuanle de Miaojia$h[electronic resource] :$bA happy Miao family.
=246  31$aHappy Miao family
=260  \\$aLeiden, The Netherlands :$bPAN Records,$cp1994.
=300  \\$a1 electronic resource.
=490  0\$aAnthology of music in China ;$vno. 1$5FTS
=490  0\$aEthnic series$5FTS
=505  0\$aQingge #1 (1:18) -- Qingge #2 (1:38) -- Shan gu niu ling (3:27) -- Feige #1 (1:17) -- Feige #2 (1:55) -- Miaoling zu feige (2:27) -- Huanle de Miaojia (2:43) -- Qingshui jiang pan feng shou yue (4:04) -- Feng shou logu (3:56) -- Yege #1 (0:43) -- Yege #2 (1:11) -- Gu piao shi (4:56) -- Caoyuan qingge (3:21) -- Qingge duichang (1:12) -- Mu piao wu qu (7:30) -- Qingjiu ge (1:44) Zhan zai gao gaode miao lingshan (1:55) -- Age amei qingyi shen (1:23) -- Fangpai Haozi (4:29) -- Huanle de lushengjie (4:46) -- Temponnin wu qu (5:36).$5FTS
=533  \\$aElectronic reproduction.$bAlexandria, VA :$cAlexander Street Press,$d2009.$f(Contemporary world music).$nAvailable via World Wide Web.$5FTS
=650  \0$aFolk music$zChina.
=650  \0$aHmong (Asian people)$zChina$zGuizhou Sheng$vMusic.
=650  \0$aMusic$zChina$zGuizhou Sheng.
=710  2\$aGuizhou National Art Ensemble.
=830  \0$aContemporary world music.
=856  40$zAccess restricted to subscribers.$uhttp://www.aspresolver.com/aspresolver.asp?WOMU;735686$5FTS
=949  \\$aFTS$bSFERS$cAUDIO$xPROCESSED 20110104 Alexander Street Press$b(ONLINE:Alexander Street Press)$h(ONLINE:Alexander Street Press)
=951  \\$110$aSFU01:002340921;$5FTS

