=LDR  01630cam a2200445Ia 4500
=001  025990480
=005  20071011115227.0
=008  060116s2005\\\\enka\\\\\b\\\\001\d\eng\d
=015  \\$aGBA628782$2bnb
=016  7\$a013409914$2Uk
=020  \\$a0856687855 (pbk.)
=020  9\$a9780856687853 (pbk.)
=035  \\$a(OCoLC)62905217
=040  \\$aEQO$cEQO$dBAKER$dUAB$dUKM$dNLGGC$dYDXCP$dFGM
=041  1\$aeng$agrc$hgrc
=050  \4$aPA3875.P2$bS69 2005
=082  04$a882.01$222
=084  \\$a18.43$2bcl
=090  \\$aPA3877$b.Pz 2005
=100  0\$aAristophanes.
=240  10$aPeace.$lEnglish & Greek (Classical Greek)
=245  10$aPeace /$c[Aristophanes] ; edited with translation and notes by Alan H. Sommerstein.
=250  \\$a2nd ed.
=260  \\$aOxford :$bAris & Phillips,$c2005.
=300  \\$axxv, 214 p. :$bill. ;$c21 cm.
=490  1\$aAris & Phillips classical texts$5FOFT$5FTaSU$5FBoU
=490  1\$aThe comedies of Aristophanes ;$vv. 5$5FOFT$5FTaSU$5FBoU
=500  \\$aFirst edition: 1985.$5FOFT$5FTaSU$5FBoU
=504  \\$aIncludes bibliographical references (p. 209-214) and index.
=546  \\$aParallel Classical Greek text and English translation.
=600  00$aAristophanes$vTranslations into English.
=650  \0$aPolitical satire.
=650  17$aDe Vrede (Aristophanes)$2gtt
=651  \0$aAthens (Greece)$xPolitics and government$vDrama.
=700  1\$aSommerstein, Alan H.
=800  0\$aAristophanes.$tWorks.$lEnglish & Greek.$f1980 ;$vv. 5.
=830  \0$aClassical texts.
=951  \\$107$aCFU01:001212852;$5FOFT
=951  \\$102$aFAU01:001333683;$5FBoU
=951  \\$105$aFSU01:002324278;$5FTaSU

