=LDR  01261cam a2200325 a 4500
=001  026019232
=005  20120623024900.0
=008  960502s1996\\\\xxu\\\\\\\\\\o000|0\eng\d
=035  \\$a(OCoLC)34724142
=040  \\$aNLM$cNLM$dEXW
=060  00$a1996 D-672
=060  10$aWM 290$bY67 1996
=090  \\$aRC567$b.Y68
=245  00$aYou can quit smoking.
=246  1\$iTitle on cover:$aSmoking cessation
=260  \\$aRockville, MD (2101 East Jefferson St., Suite 501, Rockville 20852) :$bU.S. Dept. of Health and Human Services, Public Health Service, Agency for Health Care Policy and Research,$c[1996]
=300  \\$a12 p. :$bill.
=490  1\$aClinical practice guideline, number 18. Consumer guide$5FU
=490  1\$aAHCPR publication ;$vno. 96-0695$5FU
=500  \\$aCover title.$5FU
=500  \\$a"Consumer version."$5FU
=500  \\$a"April 1996"--P. [4] of cover.$5FU
=650  \0$aSmoking cessation programs.
=650  \0$aNicotine addiction$xTreatment.
=650  12$aSmoking Cessation$xmethods$xpopular works.
=650  22$aPatient Education.
=710  1\$aUnited States.$bAgency for Health Care Policy and Research.
=830  \0$aClinical practice guideline.$pConsumer guide.
=830  \0$aAHCPR pub. ;$vno. 96-0695.
=951  \\$108$aUFU01:002198799;$5FU

