=LDR  01002cam a2200265I  4500
=001  026040195
=005  20120623030700.0
=008  770629s1934\\\\nyu\\\\\\b\\\\000|0\engm\
=010  \\$a   34037813 
=035  \\$a(OCoLC)03082615
=040  \\$aDLC$cNRC$dNRC$dIUL$dFGM
=050  0\$aPJ3021$b.G7 1934
=050  0\$aPJ3021$b.G7
=082  \\$a492
=100  1\$aGray, Louis H.$q(Louis Herbert),$d1875-1955.
=245  10$aIntroduction to Semitic comparative linguistics /$cby Louis H. Gray.
=260  \\$aNew York, NY :$bColumbia University Press,$cc1934.
=300  \\$axvi, 147 p. ;$c24 cm.
=490  0\$aColumbia University studies in comparative linguistics ;$vv. 1$5FBoU
=490  0\$aColumbia University studies in comparative linguistics, v. 1$5FMFIU
=504  \\$aIncludes bibliographical references (p. [119]-139 and index.
=650  \0$aSemitic languages$xGrammar, Comparative.
=740  0\$aSemitic comparative linguistics.
=951  \\$102$aFAU01:001203393;$5FBoU
=951  \\$104$aFIU01:000243456;$5FMFIU

