=LDR  01676pam a2200445 a 4500
=001  026062701
=005  20110401145522.0
=008  840502s1984\\\\wb\a\\\\\b\\\\100\0\eng\\
=010  \\$a   84005636 
=020  \\$a0387133410
=020  \\$a0387133410 (pbk.)
=035  \\$a(OCoLC)10778841
=040  \\$aDLC$cDLC$dm/c$dFTU
=050  0\$aQA3$b.L28 no. 1064
=050  0\$aQA3$b.L28 no.1064$aQA273.A1
=082  0\$a510 s$a519.2$219
=245  00$aProbability measures on groups, VII :$bproceedings of a conference held in Oberwolfach, 24-30 April 1983 /$cedited by H. Heyer.
=260  \\$aBerlin ;$aNew York :$bSpringer-Verlag,$c1984.
=300  \\$ax, 588 p. :$bill. ;$c25 cm.
=490  0\$aLecture notes in mathematics ; 1064$5FBoU
=490  1\$aLecture notes in mathematics ;$v1064$5FJUNF$5FMFIU$5FOFT$5FTS$5FU
=500  \\$aIncludes bibliographical references.$5FBoU
=504  \\$aIncludes bibliographical references.
=650  \0$aMeasure theory$xCongresses.
=650  \0$aStochastic processes$xCongresses.
=650  \0$aGroup theory$xCongresses.
=650  \0$aProbabilities$xCongresses.
=700  1\$aHeyer, Herbert.
=700  1\$aDold, A.
=700  1\$aEckmann, B.
=740  0\$aProbability measures on groups, seven.
=740  0\$aProbability measures on groups, 7.
=830  \0$aLecture notes in mathematics (Springer-Verlag) ;$vno. 1064.
=830  \0$aLecture notes in mathematics (Springer-Verlag) ;$v1064.
=951  \\$107$aCFU01:000345097;$5FOFT
=951  \\$102$aFAU01:000241400;$5FBoU
=951  \\$104$aFIU01:000343144;$5FMFIU
=951  \\$109$aNFU01:000284436;$5FJUNF
=951  \\$110$aSFU01:000463377;$5FTS
=951  \\$108$aUFU01:000420153;$5FU

