=LDR  04223cgm a2200793Ia 4500
=001  026089618
=005  20110816101754.0
=007  vd\cvaizm
=008  080606p20081943cau103\g\\\\\\\\\\vleng\d
=024  1\$a024543520092$d80
=028  42$a2252009$b20th Century Fox Home Entertainment
=035  \\$a(OCoLC)230964133
=037  \\$bMidwest Tape$nhttp://www.midwesttapes.com
=040  \\$aTEFMT$beng$cTEFMT$dTEF$dWCM$dCUV$dFNP$dOCLCA$dOCLCQ$dOCLCA$dFHC
=041  1\$aeng$jeng$jfre$jspa$heng
=043  \\$an-us-ny
=050  14$aPN1995.9.M86$bG3647 2008
=082  04$a791.43/72$222
=090  \\$aPN1997$b.G3154 2008
=245  04$aThe gang's all here$h[videorecording] /$c[presented by] Twentieth Century Fox ; produced by William Le Baron ; screen play by Walter Bullock ; directed by Busby Berkeley.
=260  \\$aBeverly Hills, Calif. :$b20th Century Fox Home Entertainment,$c[2008]
=300  \\$a1 videodisc (103 min.) :$bsd., col. ;$c4 3/4 in.
=490  0\$aThe Carmen Miranda collection$5FSsNC
=490  1\$a20th Century Fox marquee musicals$5FSsNC$5FJUNF
=500  \\$aBased on a story by Nancy Wintner, George Root Jr. and Tom Bridges.$5FSsNC$5FJUNF
=500  \\$aOriginally released as a motion picture in 1943.$5FSsNC$5FJUNF
=500  \\$a2nd series note from set container.$5FSsNC
=500  \\$aSpecial features: Commentary by film professor Drew Casper; "Busby Berkeley: a journey with a star" exclusive featurette; "Alice Faye's last film: We still are!" exclusive featurette; "The Phil Harris-Alice Fay Show" episodes; deleted scene; original theatrical trailer; still photo galleries.$5FSsNC$5FJUNF
=504  \\$aLyrics and music by Leo Robin and Harry Warren ; director of photography, Edward Conjager ; editor, Ray Curtiss.
=508  \\$aMusic, Leo Robin and Harry Warren ; editor, Ray Curtiss.
=511  1\$aAlice Faye, Carmen Miranda, Phil Baker, Benny Goodman and his Orchestra.
=520  \\$aEadie Allen is a chorus girl who dreams of becoming a star. While working at a New York nightclub, she meets Sergeant Andy Mason, they fall in love but he is shipped off to war. Eadie finds out Andy is unofficially engaged to another woman.
=520  \\$aEadie Allen, a chorus girl meets and falls in love with Sergeant Andy Mason just before he is shipped off to war. Andy returns a war hero while Eadie is the club's headline act. Andy and Eadie become engaged but unfortunately he is already engaged to another woman. It is up to Eadie's friend and co-star, Dorita to fix the situation.
=521  8\$aNot rated.
=538  \\$aDVD, full screen; Dolby Digital stereo., Dolby Digital mono., NTSC region 1.$5FSsNC
=538  \\$aDVD format.$5FJUNF
=540  \\$aPerformance rights: Home view.$5FJUNF
=546  \\$aEnglish dialogue with English, French or Spanish subtitles available.
=546  \\$aEnglish dialogue; English, French or Spanish subtitles; closed-captioned.
=546  \\$aClosed captioned for the hearing impaired.
=650  \0$aNightclubs$zNew York (State)$zNew York$vDrama.
=650  \0$aShowgirls$zNew York (State)$zNew York$vDrama.
=650  \0$aFeature films.
=650  \0$aMan-woman relationships$zNew York (State)$zNew York$vDrama.
=650  \0$aVideo recordings for the hearing impaired.
=651  \0$aNew York (N.Y.)$vDrama.
=655  \0$aMusical films.
=655  \0$aFeature films.
=655  \0$aVideo recordings for the hearing impaired.
=655  \0$aFiction films.
=700  1\$aBridges, Tom.
=700  1\$aRoot, George,$cJr.
=700  1\$aMiranda, Carmen,$d1909-1955.
=700  1\$aCurtiss, Ray.
=700  1\$aBaker, Phil,$d1896-1963.
=700  1\$aWarren, Harry,$d1893-1981.
=700  1\$aBerkeley, Busby,$d1895-1976.
=700  1\$aGoodman, Benny,$d1909-1986.
=700  1\$aBullock, Walter,$d1907-1953.
=700  1\$aLeBaron, William,$d1883-1958.
=700  1\$aFaye, Alice,$d1915-1998.
=700  1\$aWintner, Nancy.
=700  1\$aRobin, Leo.
=710  2\$aTwentieth Century Fox Home Entertainment, Inc.
=710  2\$aTwentieth Century-Fox Film Corporation.
=710  2\$aBenny Goodman Orchestra.
=830  \0$aMarquee musicals.
=951  \\$106$aNCU01:000228628;$5FSsNC
=951  \\$109$aNFU01:000736516;$5FJUNF

