=LDR  00988nam a22003011  4500
=001  026119560
=005  20060807113235.0
=008  830823s1950\\\\fr\\\\\\\\\\\\000|0\eng\\
=010  \\$a   50010464 
=035  \\$a(OCoLC)02602575
=040  \\$cCarP
=050  00$aLC4069.W3$bB7
=082  0\$a371.9
=090  \\$aLB5$b.U58 [no.]1
=092  \\$a370.6$bU58p no.1
=100  1\$aBrosse, Thérèse.
=245  10$aWar-handicapped children:$breport on the European situation.
=260  \\$a[Paris]$bUNESCO$c[1950]
=300  \\$a142 p.$c22 cm.
=490  0\$aProblems in education, 1$5FTaSU
=490  0\$aUnited Nations Educational, Scientific and Cultural Organization. Publication no. 439$5FTaSU
=650  \0$aWorld War, 1939-1945$xChildren.
=650  \0$aChild welfare.
=650  \0$aWorld War, 1939-1945$xEducation and the war.
=830  \0$aProblems in education (Unesco) ;$v1
=830  \0$aUnesco publication,$v439
=951  \\$105$aFSU01:000295275;$5FTaSU
=951  \\$108$aUFU01:000692692;$5FU

