=LDR  00882nam a2200241Ii 4500
=001  026145467
=005  20120623074300.0
=008  760206s1972\\\\cl\f\\\\\\\\\\000|0\spa\d
=035  \\$a(OCoLC)01970895
=040  \\$aYGM$cYGM$dFHM
=043  \\$as-cl---
=090  \\$aPQ8098.14.R6$bA77 1972
=100  1\$aDroguett, Carlos,$d1912-
=245  14$aLos asesinados del Seguro Obrero :$bcrónica /$cCarlos Droguett.
=250  \\$a2. ed.
=260  \\$a[Valparaíso, Chile] :$bEdiciones Universitarias de Valparaíso, Universidad Católica de Valparaíso,$c1972.
=300  \\$a62 p., [14] leaves of plates ;$c19 cm.
=490  0\$aColección narrativa e historia$5FTS
=490  0\$aColleccion narrativa e historia$5FU
=650  \0$aChile$xPolitics and government$y1920-1970.
=651  \0$aChile$xPolitics and government$y1920-
=951  \\$110$aSFU01:000247388;$5FTS
=951  \\$108$aUFU01:000906075;$5FU

