=LDR  00698nam a2200229I  4500
=001  026174503
=005  20090804141000.0
=008  770428s1915\\\\xx\\\\\\\\\\\\000|0\eng\d
=035  \\$a(OCoLC)02925421
=040  \\$aDMM$cDMM$dFDA
=090  \\$aPS1964$b.A1 1906
=092  \\$a817$bH752AHA
=099  \\$a817.3$aH752ald
=100  1\$aHolmes, Oliver Wendell,$d1809-1894.
=245  14$aThe autocrat of the breakfast table.
=260  \\$aLondon,$bDent;$aNew York,$bDutton$c[1906]
=300  \\$a300 p.
=490  0\$aEveryman's library Essays. [no. 66]$5FU
=490  0\$aEveryman's library, 66$5FTaSU
=504  \\$aList of works: p. ix-x.
=951  \\$105$aFSU01:000313041;$5FTaSU
=951  \\$108$aUFU01:001681170;$5FU

