=LDR  02214cam a2200517Ia 4500
=001  026201012
=005  20080926092623.0
=008  760224s1855\\\\nyua\\\j\\\\\\000|1\eng\d
=010  \\$a   48030439 
=035  \\$a(OCoLC)02010143
=040  \\$aDLC$cIWU$dSER$dFUG
=050  00$aPZ6.A12$bLg
=090  \\$aPS1000.A8$bL65
=099  \\$a23h2799
=100  1\$aAbbott, Jacob,$d1803-1879.
=245  14$aThe little Louvre, or, The boys' and girls' gallery of pictures.
=246  30$aBoys' and girls' gallery of pictures
=260  \\$aNew York :$bHarper & Brothers,$cc1855.
=300  \\$a160 p., <1> leaf of plates :$bill. ;$c18 cm.
=490  1\$aHarper's story books$5FU
=490  1\$aHarper's story books ;$vv. 2$5FTS
=590  \\$aBaldwin Library copy 1: some illustrations hand-colored in chalk, probably by young owner.$5FU
=590  \\$aBaldwin Library copy 1 lacks p. 159-160.$5FU
=500  \\$aIncludes fiction and non-fiction.$5FU
=500  \\$aBound with the author's Emma, and Prank [New York, 1855]$5FTS
=500  \\$aSome illustrations engraved by Lossing & Barritt.$5FU
=500  \\$aIllustrations are hand-colored.$5FU
=501  \\$aBaldwin Library copy 2 with: Prank, or the philosophy of tricks and mischief / by Jacob Abbott. New York : Harper & Brothers, 1855 -- Emma, or, The three misfortunes of a belle / by Jacob Abbott. New York : Harper & Brothers, 1855.$5FU
=650  \0$aCountry life$vJuvenile literature.
=650  \0$aAnimals$vJuvenile literature.
=650  \0$aConduct of life$vJuvenile literature.
=650  \0$aChildren$xConduct of life$vJuvenile literature.
=650  \0$aChildren's stories.
=655  \7$aChildren's stories$y1855.$2lcsh
=655  \7$aPictorial cloth bindings (Binding)$y1855.$2rbbin
=655  \7$aHand-colored illustrations$y1855.$2local
=690  \4$aBldn$y1855.$5FU
=710  2\$aHarper & Brothers.$4pbl
=710  2\$aLossing & Barritt.$4egr
=710  2\$aDobkin Collection of 19th Century Americana.$5FTS
=740  0\$aEmma.
=740  0\$aPrank.
=752  \\$aUnited States$bNew York$dNew York.
=800  1\$aAbbott, Jacob,$d1803-1879.$tHarper's story books
=951  \\$110$aSFU01:000249804;$5FTS
=951  \\$108$aUFU01:002220796;$5FU

