=LDR  01646cam a2200481Ia 4500
=001  026229936
=005  20070509160826.0
=008  861104s1986\\\\inuc\\\\\b\\\\000\0\eng\d
=010  \\$a86061750
=020  \\$a9780873672474
=020  \\$a087367247X
=035  \\$a(OCoLC)14633012
=040  \\$aONU$cONU$dNRC$dNGU$dBAKER$dFGA
=043  \\$an-us-ca
=090  \\$aLB1731$b.L695
=090  \\$aLB1715$b.L65 1986
=090  \\$aLB5$b.F3 no. 247
=090  \\$aLB1731.4$b.L68 1986
=092  \\$a370.71$bL919m
=092  \\$a370.1$bFas no.247
=099  \9$aE.TPE$aPDK$aGr.1-12$a1986$a#247
=100  1\$aLowney, Roger G.
=245  10$aMentor teachers :$bthe California model /$cby Roger G. Lowney.
=260  \\$aBloomington, Ind. :$bPhi Delta Kappa Educational Foundation,$cc1986.
=300  \\$a30 p. :$bport. ;$c18 cm.
=440  \0$aFastback ;$v247$5FMFIU$5FFmFGC$5FOFT$5FU
=490  0\$aFastback ;$v247$5FPeU
=490  1\$aFastback - Phi Delta Kappa Educational Foundation ; 247$5FTS
=504  \\$aBibliography: p. 29-30.
=650  \0$aTeachers$xTraining of$zCalifornia.
=650  \0$aFirst year teachers$zCalifornia.
=650  \0$aTeachers$xIn-service training$zCalifornia.
=650  \0$aMentoring in education$zCalifornia.
=650  \0$aMentoring in the professions$zCalifornia.
=690  \3$aEDUCATION.$5FPeU
=830  \0$aFastback ;$v247
=951  \\$107$aCFU01:000428354;$5FOFT
=951  \\$104$aFIU01:000369514;$5FMFIU
=951  \\$103$aGCU01:000386833;$5FFmFGC
=951  \\$109$aNFU01:000245349;$5FJUNF
=951  \\$110$aSFU01:000928447;$5FTS
=951  \\$108$aUFU01:000877719;$5FU
=951  \\$111$aWFU01:000357203;$5FPeU

