=LDR  02597cam a2200517Ia 4500
=001  026255836
=005  20120420103852.0
=006  m\\\\\\\\d\\\\\\\\
=007  cr\|||
=008  110824s2011\\\\gw\a\\\\ob\\\\101\0\eng\d
=016  7\$a015894141$2Uk
=019  \\$a755903683
=020  \\$z3642229409
=020  \\$z9783642229404
=020  \\$a3642229417
=020  \\$a9783642229411
=035  \\$a(OCoLC)747747795
=037  \\$a978-3-642-22940-4$bSpringer$nhttp://www.springerlink.com
=040  \\$aCUS$cCUS$dC{dollar}Q$dUKMGB$dGW5XE
=050  \4$aQA76.62
=082  04$a005.1/3$223
=111  2\$aInternational Symposium on Trends in Functional Programming$n(11th :$d2010 :$cNorman, Okla.)
=245  10$aTrends in functional programming$h[electronic resource] :$b11th international symposium, TFP 2010, Norman, OK, USA, May 17-19, 2010 : revised selected papers /$cRex Page, Zoltán Horváth, Viktória Zsók (eds.).
=246  30$aTFP 2010
=260  \\$aHeidelberg :$bSpringer,$c2011.
=300  \\$a1 online resource (x, 215 p.) :$bill.
=490  1\$aLecture notes in computer science,$x0302-9743 ;$v6546$5FMFIU$5FTS$5FOFT$5FU
=490  1\$aLNCS sublibrary. SL 1, Theoretical computer science and general issues$5FMFIU$5FTS$5FOFT$5FU
=504  \\$aIncludes bibliographical references and index.
=588  \\$aDescription based on print version record.
=650  \0$aFunctional programming languages$vCongresses.
=655  \7$aElectronic books.$2local
=700  1\$aZsók, Viktória.
=700  1\$aHorváth, Zoltán,$d1962-
=700  1\$aPage, Rex L.
=776  08$iPrint version:$tTrends in Functional Programming.$dSpringer-Verlag New York Inc 2011$z9783642229404$w(DLC) 2011934807$w(OCoLC)740624676
=830  \0$aLecture notes in computer science ;$v6546.$x0302-9743
=830  \0$aLNCS sublibrary.$nSL 1,$pTheoretical computer science and general issues.
=856  40$uhttp://ezproxy.fiu.edu/login?url=http://dx.doi.org/10.1007/978-3-642-22941-1$5FMFIU$yFIU users: view content here
=856  40$uhttp://ezproxy.lib.usf.edu/login?url=http://dx.doi.org/10.1007/978-3-642-22941-1$5FTS
=856  40$yUCF: Click here for ONLINE ACCESS$uhttps://login.ezproxy.net.ucf.edu/login?url=http://dx.doi.org/10.1007/978-3-642-22941-1$5FOFT$zSpringerLink
=856  40$uhttp://dx.doi.org/10.1007/978-3-642-22941-1$yRead this E-book$zLicensed for access by UF students, faculty, staff, and other registered users.$xSpringerLink$5FU
=951  \\$107$aCFU01:002039003;$5FOFT
=951  \\$104$aFIU01:001786585;$5FMFIU
=951  \\$110$aSFU01:002498902;$5FTS
=951  \\$108$aUFU01:005585685;$5FU

