=LDR  01351nam a2200301I  4500
=001  026283078
=005  20120623040300.0
=008  720816r19671874enk\\\\\\\\\\\000|0\eng\d
=035  \\$a(OCoLC)00382903
=040  \\$cYNG$dm.c.$dFWA
=090  \\$aPR1119$b.A2 no.58, etc. 1967
=090  \\$aPR1119$b.A2 no.58 etc,
=130  0\$aBlickling homilies.
=245  14$aThe Blickling homilies.$cWith a translation and index of words together with the Blickling Glosses, edited by R. Morris.
=260  \\$aLondon,$aNew York,$bPublished for the Early English Text Society by the Oxford University Press$c[1967]
=300  \\$axvi, 392 p. 22 cm.
=490  1\$aEarly English Text Society. [Publications] Original series,$vno.58, 63, 73$5FPeU
=490  1\$aEarly English Text Society. Original series,$vno.58 etc.$5FTS
=500  \\$aReprint of the 1874-80 ed.$5FTS
=500  \\$aReprint of the 1874-1880 ed.$5FPeU
=650  \0$aEnglish language$yOld English, ca. 450-1100$xGlossaries, vocabularies, etc.
=650  \0$aSermons, English (Old).
=650  \0$aSermons, Anglo-Saxon.
=700  1\$aMorris, Richard,$d1833-1894,$eed.
=830  \0$aEarly English Text Society (Series).$pOriginal series,$vno. 58, 63,73.
=830  \0$aEarly English Text Society (Series).$pOriginal series ;$vno. 58
=951  \\$110$aSFU01:000775516;$5FTS
=951  \\$111$aWFU01:000257979;$5FPeU

