=LDR  01865cam a2200421 a 4500
=001  026332602
=005  20120123075650.0
=008  981111s1998\\\\maua\\\\\b\\\\000|0\eng\c
=035  \\$a(OCoLC)40281958
=040  \\$aDBI$cDBI$dZBL
=042  \\$apcc
=043  \\$an-cn---
=050  \4$aHB1$b.N3 no.6732
=090  \\$aHB1$b.N37 no.6732 1998
=100  1\$aLemieux, Thomas.
=245  10$aSupply side hysterisis [i.e. hysteresis] :$bthe case of the Canadian unemployment insurance system /$cThomas Lemieux, W. Bentley MacLeod.
=246  3\$aSupply side hysteresis
=260  \\$aCambridge, MA :$bNational Bureau of Economic Research,$cc1998.
=300  \\$a32, [19] p. :$bill. ;$c22 cm.
=490  0\$aNBER working paper series ;$vworking paper 6732$5FTaSU
=490  1\$aNBER working paper series ;$vno.6732$5FU
=500  \\$aAlso available via the Internet at http://www.nber.org/wwp.html$5FU
=500  \\$a"September 1998."$5FTaSU$5FU
=504  \\$aIncludes bibliographical references (p. 29-32).
=530  \\$aAlso available in PDF from the NBER web site; access restricted to institutions with electronic subscriptions.$5FTaSU
=650  \0$aSupply-side economics$zCanada$xEconometric models.
=650  \0$aHysteresis (Economics)$zCanada$xEconometric models.
=650  \0$aUnemployment insurance$zCanada$xEconometric models.
=650  \0$aInsurance, Unemployment$zCanada.
=650  \0$aSupply-side economics$zCanada.
=650  \0$aHysteresis.
=655  \7$aElectronic serial$2local
=700  1\$aMacLeod, W. Bentley$q(William Bentley),$d1954-
=710  2\$aNational Bureau of Economic Research.
=830  \0$aWorking paper series (National Bureau of Economic Research) ;$vno.6732
=856  4\$zClick here to download PDF file:$uhttp://www.nber.org/papers/w6732.pdf$5FTaSU
=951  \\$105$aFSU01:001705622;$5FTaSU
=951  \\$108$aUFU01:002405551;$5FU

