=LDR  06061cas a2201129 a 4500
=001  026360179
=005  20130925190422.0
=006  m\\\\\o\\d\f\\\\\\
=007  cr\cnu||||||||
=008  980417d19812009dcumr\pso\\\\f0\\\a0eng\c
=010  \\$a2001230959
=019  \\$a173395871$a173411992$a173421853
=022  0\$a1933-8635$l0279-9308$21
=029  1\$aOCLCS$b14510
=029  1\$aOCLCS$bOP-26140
=029  1\$aNZ1$b6290248
=029  1\$aAU@$b000022711538
=029  1\$aNZ1$b12187490
=029  1\$aAU@$b000043823911
=029  1\$aAU@$b000044061289
=029  1\$aAU@$b000044918435
=029  1\$aAU@$b000023836688
=029  1\$aAU@$b000045705136
=035  \\$a(OCoLC)38967032
=040  \\$aFGA$beng$cFGA$dOCL$dGPO$dOCLCQ$dMYG$dDLC$dGPO$dNSD$dGPO$dOCLCQ$dGBT$dOCLCQ$dOCLCA$dOCLCQ$dOCLCA
=042  \\$apcc$ansdp
=043  \\$an-us---
=049  \\$aFUGG
=050  00$aUG633
=074  \\$a0423-A (online)
=082  10$a358.4$214
=086  0\$aD 301.44:
=130  0\$aFlying safety (Washington, D.C. : 1981 : Online)
=222  \0$aFlying safety$b(Washington, D.C. : 1981 : Online)
=245  10$aFlying safety$h[electronic resource].
=246  1\$iHTML source title:$aFlying safety magazine
=260  \\$aKirtland AFB, NM :$bAir Force Safety Center
=310  \\$aMonthly
=336  \\$atext$btxt$2rdacontent
=337  \\$acomputer$bc$2rdamedia
=338  \\$aonline resource$bcr$2rdacarrier
=362  1\$aPrint began with vol. 37, no. 1 (Jan. 1981).
=362  1\$aCeased with vol. 65, nos. 1-2 (Jan/Feb. 2009).
=362  1\$aPrint began with vol. 37, no. 1 (Jan. 1981).$5FTS$5FMFIU
=362  1\$aPrint began with vol. 37, no. 1 (Jan. 1981).$5FTS$5FMFIU
=362  1\$aCoverage as of 05/15/01: Dec./Jan. (1996/1997)-$5FBoU$5FOFT
=362  1\$aCeased with vol. 65, nos. 1-2 ( Jan/Feb. 2009).$5FTS$5FMFIU
=362  1\$aCeased with vol. 65, nos. 1-2 ( Jan/Feb. 2009).$5FTS$5FMFIU
=490  1\$a<Dec. 1998-2008>: Air Force recurring publication ;$v91-1
=490  1\$a<Dec. 1998-2008>: Air Force recurring publication ;$v91-1$5FTS$5FMFIU
=490  1\$a<Dec. 1998-2008>: Air Force recurring publication ;$v91-1$5FTS$5FMFIU
=490  1\$a<Dec. 1998->: Air Force recurring publication$v91-1.$5FBoU$5FOFT
=515  \\$aIssued in PDF files, <Vol. 54, no. 12 (Dec. 1998)>-v.65, nos. 1-2 (Jan./Feb. 2009).
=515  \\$aJan./Feb. issue combined.
=515  \\$aVol. 62, no. 5 (May 2006) called: Tanker tales.
=538  \\$aMode of access: Internet from the Air Force Safety Center web site. Address as of 07/14/04: http://afsafety.af.mil/magazine/htdocs/fsmfirst.htm; current access is available via PURL.
=550  \\$aIssued by: Dept. of the Air Force, Chief of Safety.
=588  \\$aDescription based on: Dec./Jan. (1996/1997); title from available issues screen (viewed May 15, 2001).
=588  \\$aLatest issue consulted: Vol. 65, nos. 1-2 (Jan./Feb. 2009).
=500  \\$aDescription based on: Dec./Jan. (1996/1997); title from available issues screen (viewed 05/15/01).$5FBoU$5FOFT
=500  \\$aNot distributed to depository libraries in physical form, 2001-$5FBoU$5FOFT
=500  \\$aDescription based on: Dec./Jan. (1996/1997); title from available issues screen (viewed May 15, 2001).$5FTS$5FMFIU
=500  \\$aDescription based on: Dec./Jan. (1996/1997); title from available issues screen (viewed May 15, 2001).$5FTS$5FMFIU
=500  \\$aLatest issue consulted: Vol. 65, nos. 1-2 (Jan./Feb. 2009).$5FTS$5FMFIU
=500  \\$aLatest issue consulted: Vol. 65, nos. 1-2 (Jan./Feb. 2009).$5FTS$5FMFIU
=515  \\$aVol. 62, no. 5 ( May 2006) called: Tanker tales.$5FTS$5FMFIU
=515  \\$aVol. 62, no. 5 ( May 2006) called: Tanker tales.$5FTS$5FMFIU
=515  \\$aSome issues combined.$5FBoU$5FOFT
=515  \\$aPDF files begin with issue for <Vol. 54, no. 12 (Dec. 1998)->$5FBoU$5FOFT
=515  \\$aIssued in PDF files, <Vol. 54, no. 12 (Dec. 1998)>-v.65, nos. 1-2 (Jan./Feb. 2009).$5FTS$5FMFIU
=515  \\$aIssued in PDF files, <Vol. 54, no. 12 (Dec. 1998)>-v.65, nos. 1-2 (Jan./Feb. 2009).$5FTS$5FMFIU
=515  \\$aJan./Feb. issue combined.$5FTS$5FMFIU
=515  \\$aJan./Feb. issue combined.$5FTS$5FMFIU
=516  \\$aHTML and PDF formats.$5FBoU$5FOFT
=530  \\$aAlso issued in a print ed.$5FBoU$5FOFT
=538  \\$aMode of access: Internet from the Air Force Safety Center web site. Address as of 07/14/04: http://afsafety.af.mil/magazine/htdocs/fsmfirst.htm; current access is available via PURL.$5FTS$5FMFIU
=538  \\$aMode of access: Internet from the Air Force Safety Center web site. Address as of 07/14/04: http://afsafety.af.mil/magazine/htdocs/fsmfirst.htm; current access is available via PURL.$5FTS$5FMFIU
=538  \\$aMode of access: World Wide Web. Address as of 05/15/01: http://safety.kirtland.af.mil/magazine/htdocs/fsmfirst.htm; current access is available via PURL.$5FOFT
=610  10$aUnited States.$bAir Force$xAviation$xSafety measures$vPeriodicals.
=650  \0$aAeronautics, Military$xSafety measures$vPeriodicals.
=655  \0$aElectronic journals.
=710  2\$aAir Force Safety Center (U.S.)
=710  1\$aUnited States.$bDepartment of the Air Force.$bChief of Safety
=776  0\$tFlying safety (Washington, D.C. : 1981)$x0279-9308$w(DLC) 82641578$w(OCoLC)7149726
=785  04$tWingman (Online)$x1944-4168$w(DLC) 2008230332$w(OCoLC)259776794
=785  04$tWingman (Online)$x1944-4168$w(DLC) 2008230332$w(OCoLC)259776794$5FTS
=785  04$tWingman (Online)$5FMFIU
=830  \0$aAir Force recurring publication.
=856  40$yClick here for FULL TEXT options$uhttp://sfx.fcla.edu/ucf?sid=sfx%3Ae%5Fcollection&issn=0279-9308$5FOFT
=856  40$zAvailable at:$uhttp://purl.access.gpo.gov/GPO/LPS11992$5FOFT
=856  40$uhttp://www.afsc.af.mil/information/magazinearchive/index.asp$5FMFIU
=856  40$uhttp://purl.access.gpo.gov/GPO/LPS11992$5FBoU
=994  \\$aC0$bFUG
=012  \\$la
=951  \\$107$aCFU01:000917079;$5FOFT
=951  \\$104$aFIU01:000949761;$5FMFIU
=951  \\$102$aFAU01:000804066;$5FBoU

