=LDR  02206ngm a2200361Ia 4500
=001  026388026
=005  20110204155131.0
=007  vd\cvaizu
=008  100107s2009\\\\flu044\g\\\\\\\\\\vleng\d
=035  \\$a(OCoLC)496123265
=040  \\$aFNP$cFNP
=090  \\$aHC106.83$b.B43 2009
=100  1\$aBeddoes, Zanny Minton.
=245  10$aCharting uncertain waters$h[videorecording] :$bthe outlook for the world economy /$c[presented by] University of North Florida Distinguished Voices and The World Affairs Council of Jacksonville Global Issues Evenings.
=246  30$aOutlook for the world economy
=260  \\$c2009.
=300  \\$a1 videodisc (44 min.) :$bsd., col. ;$c4 3/4 in.
=490  1\$aDistinguished voices lecture series$5FJUNF
=490  1\$aGlobal issues forum$5FJUNF
=538  \\$aDVD format.$5FJUNF
=500  \\$aPresented at the University of North Florida, Jacksonville, Florida, November 17, 2009, as part of the University of North Florida's Distinguished voices lecture series. Introduction provided by Barbara Christie Johnson of the McGuire Woods law firm.$5FJUNF
=520  \\$aZanny Minton Beddoes, the Economist's economics editor, describes the forces that created the current economic crisis. She posits that unless decisions are made carefully the use of massive government lending programs may be deferring but not ultimately resolving the crisis. Beddoes speculates on possible paths the various world economies may follow over the next ten years and gives a context for the upcoming realignment of economic forces between the established "rich" economies and the emerging economies of countries like China, India and Brazil.
=650  \0$aGlobal Financial Crisis, 2008-2009.
=650  \0$aFinancial crises$xGovernment policy$zUnited States.
=650  \0$aEconomic stabilization$zUnited States.
=651  \0$aUnited States$xEconomic conditions$y2001-2009.
=651  \0$aUnited States$xEconomic policy$y2001-2009.
=710  2\$aUniversity of North Florida.
=710  2\$aWorld Affairs Council of Jacksonville.
=830  \0$aDistinguished voices lecture series.
=830  \0$aGlobal issues forum.
=949  \\$a32107009043170$cMDVDIFNPA
=951  \\$109$aNFU01:000751575;$5FJUNF

