=LDR  01478nam a2200325I  4500
=001  026412042
=005  20120623084000.0
=008  751205s1903\\\\mauaebf\\\\\\\000|0\eng\\
=010  \\$aa  21000010 
=035  \\$a(OCoLC)01878212
=040  \\$aDLC$cFQG$dFDA
=050  0\$aQL1$b.H32 v.28
=050  0\$aQL1$b.H375 vol. 28
=099  \\$a590.6$aH339m$av.28
=100  1\$aAgassiz, Alexander,$d1835-1910.
=245  14$aThe coral reefs of the tropical Pacific.$cBy Alexander Agassiz.
=260  \\$aCambridge,$bPrinted for the Museum,$c1903.
=300  \\$axxxiii, 410 p.$billus., fold. diagrs.$c29 cm..$batlas of 236 pl. (part fold.)$c28 cm.
=490  0\$aHarvard University. Museum of Comparative Zoology. Memoirs,$vv. 28$5FTaSU
=490  1\$aMemoirs of the Museum of comparative zo·ology at Harvard college, vol. XXVIII$5FU
=500  \\$aReports on the scientific results of the expedition to the tropical Pacific ... by the United States Fish commission steamer "Albatross," from august 1899 to March 1900 ... IV.$5FTaSU$5FU
=533  \\$aPhotocopy.$bAnn Arbor, Mich. :$cUniversity Microfilms,$d1979.$5FU
=610  20$aAlbatross (Steamer)
=650  \0$aCoral reefs and islands.
=650  \0$aCoral reefs and islands$zPacific Ocean.
=651  \0$aPacific Ocean.
=651  \0$aPacific Ocean$xDiscovery and exploration.
=810  2\$aHarvard University.$bMuseum of Comparative Zoology.$tMemoirs,$vv.28.
=951  \\$105$aFSU01:000251433;$5FTaSU
=951  \\$108$aUFU01:000498312;$5FU

