=LDR  01193cam a2200349Ma 4500
=001  026442301
=005  20120611092414.0
=008  110617s2011\\\\ag\a\\\\\b\\\\000\0deng\d
=020  \\$a9789871556540
=020  \\$a9871556543
=035  \\$a(OCoLC)757684713
=040  \\$aAR-BaFGC$cN15$dPL#$dI5B$dNOC
=041  0\$aeng$aspa
=043  \\$as-ag---
=050  \4$aN6639.S578$bA4 2011
=100  1\$aSiquier, Pablo,$d1961-
=245  10$aSiquier /$c[textos de Damián Tabarovsky, Leopoldo Estol, Claudio Iglesias].
=260  \\$aBuenos Aires :$bAdriana Hidalgo Editora,$cc2011.
=300  \\$a152 p. :$bchiefly ill. (some col.) ;$c24 cm.
=490  1\$aLos sentidos. Colección Ruth Benzacar$5FMFIU
=490  1\$aLibros sobre artistas$5FMFIU
=504  \\$aIncludes bibliographical references.
=546  \\$aEnglish and Spanish.
=600  10$aSiquier, Pablo,$d1961-
=600  10$aSiquier, Pablo,$d1961-$vInterviews.
=650  \0$aPainters$zArgentina.
=700  1\$aTabarovsky, Damián,$d1967-
=700  1\$aEstol, Leopoldo,$d1981-
=700  1\$aIglesias, Claudio,$d1982-
=830  \0$aSentidos/colección Ruth Benzacar.
=830  \0$aLibros sobre artistas.
=951  \\$104$aFIU01:001795482;$5FMFIU

