=LDR  02311ccm a2200409Ia 4500
=001  026474399
=005  20140305093300.0
=008  850710s1979\\\\gw\coz\\\h\\\\\n\|\\\\\\d
=028  31$aBA 5051$bBärenreiter
=035  \\$a(OCoLC)12251793
=040  \\$aWOS$cWOS$dFTU
=090  \\$aM3$b.B1133 Ser.4 Bd.8
=090  \\$aM3$b.B2 Ser.4, Bd.8
=100  1\$aBach, Johann Sebastian,$d1685-1750.
=240  10$aConcertos,$morgan unacc.,$nBWV 592-596
=245  10$aBearbeitungen fremder Werke /$cJohann Sebastian Bach ; herausgegeben von Karl Heller.
=260  \\$aKassel :$bBärenreiter,$c1979.
=300  \\$aviii p., 85 p. of music :$bfacsims. ;$c25 x 33 cm.
=490  1\$aNeue Ausgabe sämtlicher Werke / Johann Sebastian Bach. Ser. 4: Orgelwerke ;$vBd. 8$5FOFT
=490  1\$aNeue Ausgabe sämtlicher Werke. Serie IV, Orgelwerke / Johann Sebastian Bach ;$vBd. 8$5FMFIU
=500  \\$aSeries under general editorship of the Johann-Sebastian-Bach-Institut, Göttingen and the Bach-Archiv, Leipzig.$5FOFT$5FMFIU
=505  0\$aKonzertbearbeitung nach Antonio Vivaldi und Johann Ernst Prinz von Sachsen-Weimar: Concerto d-moll, BWV 596. Concerto a-moll, BWV 593. Concerto C-dur, BWV 594. Concerto G-dur, BWV 592. Concerto C-dur, BWV 595 -- Übertragungen fremder Instrumentaltrios: Trio c-moll, BWV 585, nach Satz 1 und 2 einer Triosonate c-moll von Johann Friedrich Fasch. Trio G-Dur, BWV 586. Aria F-dur, BWV 587, nach einem Triosatz von François Couperin.$5FOFT$5FMFIU
=650  \0$aConcertos (Organ)
=650  \0$aSonatas (Organ)
=650  \0$aOrgan music.
=700  1\$aVivaldi, Antonio,$d1678-1741.
=700  1\$aJohann Ernst,$cPrince of Saxe-Weimar,$d1696-1715.
=700  1\$aFasch, Johann Friedrich,$d1688-1759.
=700  1\$aCouperin, François,$d1668-1733.
=700  1\$aHeller, Karl,$d1935-
=700  12$aBach, Johann Sebastian,$d1685-1750.$tAria,$morgan,$nBWV 587,$rF major.
=700  12$aBach, Johann Sebastian,$d1685-1750.$tTrios,$morgan,$nBWV 585-586.
=700  12$aCouperin, François,$d1668-1733.$tNations.$n3. ordre.$pImpériale.$pLégérement;$oarr.
=700  12$aVivaldi, Antonio,$d1678-1741.$tConcertos.$kSelections;$oarr.
=800  1\$aBach, Johann Sebastian,$d1685-1750.$tWorks.$f1954 ;$vSer. 4, Bd. 8.
=951  \\$107$aCFU01:000244223;$5FOFT
=951  \\$104$aFIU01:000917802;$5FMFIU

