=LDR  02880cas a2200577 a 4500
=001  026500847
=005  20111123124234.0
=008  760706d19701978dcuar\\\\\s\\f0\\\a0eng\\
=010  \\$a76644207
=022  \\$a0362-5362
=022  0\$a0362-5362$l0362-5362$21
=035  \\$a(OCoLC)02297838
=040  \\$aDLC$cDLC$dNSD$dDLC$dGPO$dDLC$dOCL$dDLC$dOCL$dNSD$dMUL$dNST$dOCLCQ$dIUL$dOCLCQ$dGPO$dMvI
=042  \\$apcc$ansdp
=043  \\$an-us---
=050  \\$aS21$b.A74 subser
=050  00$aS21$b.A74 subser$aHD1751
=074  \\$a4
=082  0\$a630/.8 s$a338.1/0973
=086  \\$aA 1.75:
=110  1\$aUnited States.$bDepartment of Agriculture.$bEconomic Research Service
=210  0\$aBalance sheet farming sect.
=222  \4$aThe Balance sheet of the farming sector
=245  14$aThe balance sheet of the farming sector.
=260  \\$a[Washington, D.C.] :$bEconomic Research Service, U.S. Dept. of Agriculture :$b[For sale by the Supt. of Docs., U.S. Govt. Print. Off.,$c1970-1978]
=300  \\$av. :$bill. ;$c26 cm.
=310  \\$aAnnual
=362  0\$a1969-$5FU$5FTS$5FTaFA$5FOFT
=362  0\$a1969-1977.$5FBoU$5FMFIU
=490  1\$aAgriculture information bulletin ; no. 403$5FU$5FTS$5FTaFA$5FOFT
=490  1\$aAgriculture information bulletin ; no. 411$5FU$5FTS$5FTaFA$5FOFT
=490  1\$aAgriculture information bulletin$5FBoU$5FMFIU
=500  \\$aMonthly Catalog Number: gp 78019512$5FTS$5FTaFA
=500  \\$aMonthly Catalog Number: gp 8019512$5FOFT
=525  \\$aSome issues accompanied by supplements.
=650  \0$aAgriculture$zUnited States$vStatistics$vPeriodicals.
=650  \0$aAgriculture$xEconomic aspects$zUnited States$vPeriodicals.
=650  \0$aAgriculture$zUnited States$vStatistics.
=650  \0$aAgriculture$xEconomic aspects$zUnited States.
=760  0\$aUnited States. Dept. of Agriculture.$tAgriculture information bulletin
=776  08$iOnline version:$aUnited States. Dept. of Agriculture. Economic Research Service.$tBalance sheet of the farming sector$w(OCoLC)685204202
=780  00$aUnited States. Dept. of Agriculture. Economic Research Service.$tBalance sheet of agriculture$5FU$5FTS$5FTaFA$5FOFT
=780  00$tBalance sheet of agriculture (Washington, D.C. : 1952)$w(DLC)sn 95018069$w(OCoLC)32851292$5FBoU$5FMFIU
=785  00$aUnited States. Dept. of Agriculture. Economics, Statistics, and Cooperatives Service.$tBalance sheet of the farming sector$g1978-$5FU$5FTS$5FTaFA$5FOFT
=785  00$aUnited States. Dept. of Agriculture. Economics, Statistics, and Cooperatives Service.$tBalance sheet of the farming sector$w(DLC) 79644458$w(OCoLC)4168382$5FBoU$5FMFIU
=830  \0$aAgriculture information bulletin.
=951  \\$101$aAMU01:000299695;$5FTaFA
=951  \\$107$aCFU01:000460638;$5FOFT
=951  \\$102$aFAU01:001890746;$5FBoU
=951  \\$104$aFIU01:000428077;$5FMFIU
=951  \\$108$aUFU01:001189129;$5FU

