=LDR  01081nam a2200265Ii 4500
=001  026522233
=005  20120623050300.0
=008  770912r19671926nyua\\\\\\\\\\100|0\eng\d
=035  \\$a(OCoLC)03257434
=040  \\$aCUS$cCUS$dm.c.$dFWA
=090  \\$aHD28$b.A3 no.41
=090  \\$aHF5549$b.A69 no.41
=100  1\$aBradley, Albert,$d1891-1983.
=245  10$aSetting up a forecasting program /$cAlbert Bradley.
=260  \\$a[New York :$bKraus Reprint,$c1967]
=300  \\$a20 p. :$bill ;$c24 cm.
=490  0\$aAmerican Management Association. General management series ;$vno. 41$5FTaSU
=490  1\$aAmerican Management Association. Annual convention series ; no. 41$5FPeU
=500  \\$aReprint of the 1926 ed. published by American Management Association, New York.$5FPeU
=500  \\$aDiscussion: p. 18-20.$5FPeU$5FTaSU
=500  \\$a"Presented at the A. M. A. annual convention, New York, March, 1926."$5FPeU$5FTaSU
=650  \0$aBudget in business.
=830  \0$aAMA general management series ;$vno. 41.
=951  \\$105$aFSU01:000332087;$5FTaSU
=951  \\$111$aWFU01:000269840;$5FPeU

