=LDR  01765cem a2200433Ia 4500
=001  026539202
=005  20120515172931.0
=007  aj\canzn
=008  900111s1973\\\\dcu\\\\\\\a\\f\\0\\\eng\d
=034  1\$aa$b250000$dW1120000$eW1103000$fN0324500$gN0313000
=035  \\$a(OCoLC)20877647
=040  \\$aVWM$cVWM$dEYM$dNMT$dOCL$dOCLCG$dUPM$dMTG$dGEBAY$dNRU$dFUG
=043  \\$an-us-az
=050  14$aG3701.C5 svar$b.U52 I-844-C
=052  \\$a4334$bT8
=074  \\$a0619-G-08
=082  \4$a557.3$bI 19.91 no. I-844c
=086  0\$aI 19.91:I-844-C
=090  \\$aG3701.C5 svar$b.U52 I-844-C
=100  1\$aCooley, M. E.$q(Maurice E.)
=245  10$aMap showing distribution and estimated thickness of alluvial deposits in the Tucson area, Arizona /$ccompiled by M.E. Cooley.
=246  30$aTucson area, Arizona
=255  \\$aScale 1:250,000$c(W 112°00ʹ00ʺ--W 110°30ʹ00ʺ/N 32°45ʹ00ʺ--N 31°30ʹ00ʺ).
=255  \\$aScale 1:250,000$c(W 112 00ʹ--W 110 30ʹ/N 32 45ʹ--N 31 30ʹ).
=260  \\$aWashington, D.C. :$bU.S. Geological Survey,$c1973.
=300  \\$a1 map :$bcol. ;$c63 x 62 cm., folded in envelope 30 x 24 cm.
=440  \0$aFolio of the Tucson area, Arizona$5FTaSU
=490  1\$aMiscellaneous investigations series ;$vmap I-844-C$5FTaSU$5FU
=490  1\$aFolio of the Tucson area, Arizona$5FU
=650  \0$aSediments (Geology)$zArizona$zTucson Region$vMaps.
=650  07$aKarte$2swd
=650  07$aMächtigkeit (Geologie)$2swd
=650  07$aLockergestein$2swd
=650  07$aHolozän$2swd
=651  \7$aTucson (Ariz., Region)$2swd
=710  2\$aGeological Survey (U.S.)
=830  \0$aMiscellaneous investigations series (Geological Survey (U.S.)) ;$vmap I-844-C.
=951  \\$105$aFSU01:001714353;$5FTaSU
=951  \\$108$aUFU01:005619387;$5FU

