=LDR  01139nam a2200265Ii 4500
=001  026556059
=005  20120623053100.0
=008  780213r19671953nyua\\\\\\\\\\100|0\eng\d
=035  \\$a(OCoLC)03634285
=040  \\$aCUS$cCUS$dm.c.$dFWA
=090  \\$aHD28$b.A3 no.167
=090  \\$aHF5549$b.A69 no.167
=110  2\$aAmerican Management Association.
=245  10$aBusiness planning in a changing world.
=260  \\$a[New York :$bKraus Reprint,$c1967]
=300  \\$a51 p. :$bill. ;$c24 cm.
=490  0\$aIts General management series ;$vno. 167$5FTaSU
=490  1\$aIts General management series ; no. 167$5FPeU
=500  \\$aReprint of the 1953 ed. published by American Management Association, New York.$5FPeU
=500  \\$a"Papers presented at the General Management Conference of the American Management Association held ... New York, June 17-19, 1953."$5FPeU$5FTaSU
=500  \\$aReprint of work published by the American Management Association, New York, 1953.$5FTaSU
=650  \0$aIndustrial management.
=830  \0$aAMA general management series ;$vno. 167
=951  \\$105$aFSU01:000350396;$5FTaSU
=951  \\$111$aWFU01:000271468;$5FPeU

