=LDR  02668cem a2200565Ia 4500
=001  026572845
=005  20120515134849.0
=007  aj\canzn
=008  770211s1975\\\\vaug\\\\\\a\\f\\0\\\eng\d
=034  1\$aa$b100000$dW1050730$eW1043730$fN0392230$gN0383730
=035  \\$a(OCoLC)02734678
=040  \\$aVWM$cVWM$dUUM$dNMT$dOCL$dCOP$dOCLCQ$dSTF$dMTG$dGEBAY$dNRU$dFUG
=043  \\$an-us-co
=050  14$aG4312.F7C3 1975$b.A55
=052  \\$a4313$bD6$bE4$bE5$bF7$bT4
=052  \\$a4312$bF7
=052  \\$a4313$bD6$bE5$bE4
=074  \\$a0619-G-08
=082  \4$a557.3$bI 19.91 no. I-857d
=086  0\$aI 19.91:I-857-D
=090  \\$aG4312.F7C3 1975$b.A55
=100  1\$aAnna, Lawrence O.
=245  10$aMap showing availability of hydrologic data published as of 1974 by the U.S. Environmental Data Service and by the U.S. Geological Survey and cooperating agencies, Colorado Springs-Castle Rock area, Front Range Urban Corridor, Colorado /$cby Lawrence O. Anna ; Department of the Interior, United States Geological Survey.
=246  30$aColorado Springs-Castle Rock area, Front Range Urban Corridor, Colorado
=255  \\$aScale 1:100,000$c(W 105 07ʹ30ʺ--W 104 37ʹ30ʺ/N 39 22ʹ30ʺ--N 38 37ʹ30ʺ).
=255  \\$aScale 1:100,000$c(W 105°07ʹ30ʺ--W 104°37ʹ30ʺ/N 39°22ʹ30ʺ--N 38°37ʹ30ʺ).
=260  \\$aReston, Va. :$bThe Survey,$c1975.
=300  \\$a1 map :$bcol. ;$c83 x 43 cm., folded in envelope 30 x 24 cm.
=490  0\$aFront Range Urban Corridor, environmental, geologic, and hydrologic studies$5FU
=490  1\$aMiscellaneous investigations series ;$vmap I-857-D$5FTaSU$5FU
=500  \\$aRelief shown by spot heights.$5FU
=500  \\$aIncludes index map and text.$5FTaSU
=500  \\$aIncludes location map and text.$5FU
=500  \\$a"*U.S. Government Printing Office: 1975--677-340/6."$5FU
=504  \\$aAlso includes bibliographical references.
=650  \0$aHydrology$zColorado$zTeller County$vMaps.
=650  \0$aHydrology$zColorado$zFremont County$vMaps.
=650  \0$aHydrology$zFront Range (Colo. and Wyo.)$vMaps.
=650  \0$aHydrology$zColorado$zElbert County$vMaps.
=650  \0$aHydrology$zColorado$zEl Paso County$vMaps.
=650  \0$aHydrology$zColorado$zDouglas County$vMaps.
=650  07$aHydrologie$2swd
=650  07$aKarte$2swd
=651  \7$aCastle Rock (Colo., Region)$2swd
=651  \7$aColorado Springs (Colo., Region)$2swd
=710  1\$aUnited States.$bEnvironmental Data Service.
=710  2\$aGeological Survey (U.S.)
=830  \0$aMiscellaneous investigations series (Geological Survey (U.S.)) ;$vmap I-857-D.
=951  \\$105$aFSU01:001715736;$5FTaSU
=951  \\$108$aUFU01:005619257;$5FU

