=LDR  01042cam a2200337 a 4500
=001  026596326
=005  20050120135720.0
=008  871030s1986\\\\fr\a\\\\\\\\\\000|0\fre\d
=010  \\$a   87115587 
=019  \\$a16916377
=020  \\$a2091905178
=020  \\$a2091905178 :$c85.00F
=035  \\$a(OCoLC)15811124
=040  \\$aDLC$cDLC$dFAV
=041  0\$afre
=050  0\$aPC2585$b.P53 1986
=082  0\$a445$219
=090  \\$aPC2585$b.P5 1986
=100  1\$aPicoche, Jacqueline.
=245  10$aStructures sémantiques du lexique français /$cJ. Picoche.
=260  \\$aParis :$bF. Nathan,$cc1986.
=300  \\$a143 p. :$bill. ;$c21 cm.
=490  0\$aNathan-Universite.$5FPeU
=490  0\$aNathan université, information, formation. Linguistique française$5FMFIU$5FU
=504  \\$aBibliography : p. 141-142.
=650  \0$aFrench language$xSemantics.
=650  \0$aFrench language$xLexicology.
=650  \0$aSemantics.
=951  \\$104$aFIU01:000372954;$5FMFIU
=951  \\$108$aUFU01:001472835;$5FU
=951  \\$111$aWFU01:000273580;$5FPeU

