=LDR  03181pam a22006374a 4500
=001  026618096
=005  20060109135623.0
=008  000629s2001\\\\gw\a\\\\\b\\\\001|0\eng\\
=010  \\$a00057418
=015  \\$aGBA1-09326
=019  \\$a45852840
=020  \\$a3540678026 (alk. paper)
=035  \\$a(OCoLC)44592689
=040  \\$aDLC$cDLC$dNhCcYBP$dOrLoB-B
=042  \\$apcc
=050  00$aQC446.2$b.P87 2001
=072  \7$aQC$2lcco
=082  00$a535/.2/0151$221
=100  1\$aPuri, Ravinder R.$q(Ravinder Rupchand),$d1950-
=245  10$aMathematical methods of quantum optics /$cRavinder R. Puri.
=260  \\$aBerlin ;$aNew York :$bSpringer,$cc2001.
=300  \\$axiii, 285 p. :$bill. ;$c24 cm.
=440  \0$aSpringer series in optical sciences,$x0342-4111 ;$vv. 79$5FU$5FPeU$5FOFT
=490  0\$aSpringer series in optical sciences,$x0342-4111 ;$vv. 79$5FBoU
=490  1\$aSpringer series in optical sciences,$x0342-4111 ;$v79$5FTS
=504  \\$aIncludes bibliographical references (p. [277]-281) and index.
=505  0\$aTable of contents only http://www.loc.gov/catdir/enhancements/fy0816/00057418-t.html$5FTS
=505  00$tBasic quantum mechanics --$tAlgebra of the exponential operator --$tRepresentations of some lie algebras --$tQuasiprobabilities and non-classical states --$tTheory of stochastic processes --$tElectromagnetic field --$tAtom-field interaction hamiltonians --$tQuantum theory of damping --$tLinear and nonlinear response of a system in an external field --$tSolution of linear equations: method of eigenvector expansion --$tTwo-level and three-level hamiltonian systems --$tDissipative atomic systems --$tDissipative field dynamics --$tDissipative cavity QED.$5FTS
=650  \0$aQuantum optics$xMathematics.
=650  \0$aMathematical physics.
=830  \0$aSpringer series in optical sciences ;$vv. 79.
=970  11$l1$tBasic Quantum Mechanics$p1
=970  11$l2$tAlgebra of the Exponential Operator$p37
=970  11$l3$tRepresentations of Some Lie Algebras$p55
=970  11$l4$tQuasiprobabilities and Non-classical States$p81
=970  11$l5$tTheory of Stochastic Processes$p99
=970  11$l6$tElectromagnetic Field$p119
=970  11$l7$tAtom-Field Interaction Hamiltonians$p137
=970  11$l8$tQuantum Theory of Damping$p155
=970  11$l9$tLinear and Nonlinear Response of a System in an External Field$p177
=970  11$l10$tSolution of Linear Equations: Method of Eigenvector Expansion$p185
=970  11$l11$tTwo-Level and Three-Level Hamiltonian Systems$p199
=970  11$l12$tDissipative Atomic Systems$p215
=970  11$l13$tDissipative Field Dynamics$p239
=970  11$l14$tDissipative Cavity QED$p251
=970  11$lApp. A$tSome Mathematical Formulae$p267
=970  11$lApp. B$tHypergeometric Equation$p270
=970  11$lApp. C$tSolution of Two- and Three-Dimensional Linear Equations$p272
=970  11$lApp. D$tRoots of a Polynomial$p273
=970  01$tReferences$p277
=970  01$tIndex$p283
=951  \\$107$aCFU01:000940917;$5FOFT
=951  \\$102$aFAU01:000859559;$5FBoU
=951  \\$110$aSFU01:001294459;$5FTS
=951  \\$108$aUFU01:002707963;$5FU
=951  \\$111$aWFU01:000483692;$5FPeU

