=LDR  06812cas a2200949 a 4500
=001  026640122
=005  20111110090054.0
=006  m\\\\\\\\d\f\\\\\\
=007  cr\gn|
=007  cr\gn|||||||||
=008  010330c19939999mduar\\\s\s\\f0\\|\0eng\c
=010  \\$a2001230237
=019  \\$a58920945$a215034316
=035  \\$a(MARCIVE)govdoc online 20010521
=035  \\$a(OCoLC)46636399
=037  \\$bPaper version available from: U.S. Govt. Print. Off., Supt. of Docs., Mail Stop: SSOP, Washington, DC 20402-9328
=040  \\$aGPO$cGPO$dOCLCQ$dIUL$dDLC$dOCLCQ$dGPO$dMvI
=042  \\$alcd
=043  \\$an-us---
=074  \\$a0500-E (online)
=086  0\$aHE 20.6209/7:$zHE 20.6209:13/
=086  0\$aHE 20.6209/7:
=130  0\$aNational Hospital Discharge Survey.$pAnnual summary (Online)
=245  10$aNational Hospital Discharge Survey.$pAnnual summary$h[electronic resource].
=246  1\$iVols. for 1999- have subtitle:$aAnnual summary with detailed diagnosis and procedure data
=246  13$aNational Hospital Discharge Survey :$bannual summary with detailed diagnosis and procedure data
=246  13$aAnnual summary
=260  \\$aHyattsville, Md. :$bU.S. Dept. of Health and Human Services, Public Health Service, Centers for Disease Control, National Center for Health Statistics ;$aWashington, D.C. :$bFor sale by Supt. of Docs., U.S. G.P.O.
=300  \\$a12 v. :$bdigital, PDF files.
=310  \\$aAnnual
=362  1\$aPrint version began with 1987.$5FTS
=362  1\$aBegan with 1987, published in 1989; ceased with 1998, published in 2000.$5FU$5FTaFA$5FMFIU
=362  1\$aElectronic coverage as of Mar. 29, 2001: 1993-$5FBoU
=440  \0$aVital and health statistics.$nSeries 13,$pData from the National Health Survey$5FBoU$5FTS
=440  \0$aDHHS publication$5FBoU$5FTS
=490  1\$a1994, 1996-1998: Vital and health statistics. Series 13, Data from the National Health Care Survey$5FU$5FTaFA$5FMFIU
=490  1\$a1987-1998: DHHS publication ;$vno. (PHS)$5FU$5FTaFA$5FMFIU
=490  1\$a1987-1993, 1995: Vital and health statistics. Series 13, Data from the National Health Survey$5FU$5FTaFA$5FMFIU
=500  \\$aDescription based on: 1987; title from PDF t.p. (viewed Nov. 13, 2009).$5FU$5FTaFA$5FMFIU
=500  \\$aLatest issue consulted: 1998 (viewed Nov. 13, 2009).$5FU$5FTaFA$5FMFIU
=500  \\$aDescription based on: 1993; title from title screen (viewed Mar. 29, 2001).$5FBoU$5FTS
=500  \\$aNot distributed to depository libraries in a paper version after 1998 issue.$5FBoU$5FTS
=516  8\$aPDF format$5FBoU$5FTS
=520  \\$aPresents statistics on the utilization of non-Federal short-stay hospitals based on data collected through the National Hospital Discharge Survey from a national sample of the hospital records of discharged inpatients. Estimates are provided by the demographic characteristics of patients discharged, geographic region of hospitals, conditions diagnosed, and surgical and nonsurgical procedures performed. Measurements of hospital use include frequency, rate and percent of discharges and days of care, and average length of stay.
=530  \\$aOnline version of the print and CD-ROM publications.$5FTS
=530  \\$aAvailable also in a print ed.$5FBoU
=538  \\$aSystem requirements: Adobe Acrobat reader software which is available for download.$5FBoU$5FTS
=538  \\$aMode of access: Internet at the NCHS web site (PDF file only). Address as of 3/29/01: http://www.cdc.gov/nchs/about/major/hdasd/listpubs.htm; current access is available via PURL.$5FBoU$5FTS
=538  \\$aMode of access: Internet at the NCHS Web site. Address as of 3/14/07: http://www.cdc.gov/nchs/about/major/hdasd/listpubs.htm ; current access available via PURL.$5FU$5FTaFA$5FMFIU
=550  \\$aVols. for <1998-> issued by: Centers for Disease Control and Prevention, National Center for Health Statistics.
=550  \\$aIssued by: Centers for Disease Control, National Center for Health Statistics, 1987-1990; by: Centers for Disease Control and Prevention, National Center for Health Statistics, 1991-1998.
=580  \\$aSummarizes data on CD-ROM with title: National Hospital Discharge Survey (Hyattsville, Md.).
=580  \\$aMerged with: Detailed diagnoses and procedures, National Hospital Discharge Survey, to form: National Hospital Discharge Survey. Annual summary with detailed diagnosis and procedure data (Online).
=610  20$aNational Hospital Discharge Survey (U.S.)$vPeriodicals.
=610  20$aNational Hospital Discharge Survey (U.S.)
=650  \0$aHospital utilization$zUnited States$vStatistics.
=650  \0$aHospital utilization$xLength of stay$zUnited States$vStatistics.
=650  \0$aHospital utilization$xLength of stay$zUnited States$vStatistics$vPeriodicals.
=650  \0$aHospital utilization$zUnited States$vStatistics$vPeriodicals.
=651  \0$aUnited States$vStatistics, Medical$vPeriodicals.
=651  \0$aUnited States$vStatistics, Medical.
=710  2\$aCenters for Disease Control and PRevention (U.S.)
=710  2\$aCenters for Disease Control (U.S.)
=710  2\$aNational Hospital Discharge Survey (U.S.)
=710  2\$aNational Center for Health Statistics (U.S.)
=730  0\$aNational Hospital Discharge Survey :$bAnnual summary (Online)
=776  08$iAlso issued in print:$tNational Hospital Discharge Survey. Annual summary$w(DLC) 89657616$w(OCoLC)19918069
=776  1\$tNational Hospital Discharge Survey. Annual summary$w(DLC)   89657616$w(OCoLC)19918069
=785  17$tNational Hospital Discharge Survey. Annual summary with detailed diagnosis and procedure data (Online)$w(DLC) 2007238377$w(OCoLC)85853216$5FU$5FTaFA$5FMFIU
=785  17$tDetailed diagnoses and procedures, National Hospital Discharge Survey$w(DLC) 2009230390$w(OCoLC)465234744$5FU$5FTaFA$5FMFIU
=787  08$iSummarizes data on CD-ROM with title:$tNational Hospital Discharge Survey (Hyattsville, Md.)$x1076-8084$w(DLC) 2007219188$w(OCoLC)29266566
=787  08$iCompanion publication to:$tSummary, National Hospital Discharge Survey (Online)$w(DLC) 2007238365$w(OCoLC)85841778
=787  1\$tNational Hospital Discharge Survey (Hyattsville, Md.)$x1076-8084$w(DLC)   94641426$w(OCoLC)29266566
=830  \0$aVital and health statistics.$nSeries 13.$pData from the National Health Survey.
=830  \0$aDHHS publication$vno. (PHS)
=856  40$uhttp://purl.access.gpo.gov/GPO/LPS6793$5FU$5FTS$5FTaFA$5FMFIU
=856  40$uhttp://purl.access.gpo.gov/GPO/LPS6793$zscroll down and click on title "National Hospital Discharge Survey: Annual summary" for desired year$5FBoU
=951  \\$101$aAMU01:000430748;$5FTaFA
=951  \\$102$aFAU01:000791291;$5FBoU
=951  \\$104$aFIU01:000935734;$5FMFIU
=951  \\$110$aSFU01:001297091;$5FTS
=951  \\$108$aUFU01:002708963;$5FU

