=LDR  00690cam a2200205Ii 4500
=001  026663236
=005  20120623032700.0
=008  760324s1974\\\\xx\\\\\\\\\\\\000|0\eng\d
=020  \\$bpbk. :$c2.00
=035  \\$a(OCoLC)02064963
=040  \\$aAPL$cAPL$dFUG
=092  \\$a940.5421$bT475m
=100  1\$aThompson, R. W.$q(Reginald William)
=245  10$aMontgomery /$cR.W. Thompson.
=260  \\$aNew York :$bBallantine Books,$c1974.
=300  \\$a159 p. :$bill. ;$c21 cm.
=490  0\$aBallantine's illustrated history of the violent century$5FU
=490  0\$aWar leader book no. 29$5FU
=600  10$aMontgomery of Alamein, Bernard Law Montgomery,$cViscount,$d1887-1976.
=951  \\$108$aUFU01:000222405;$5FU

