=LDR  01238cam a2200289 i 4500
=001  026681707
=005  20140516064300.0
=008  78122\s1978\\\\mdua\\\\\b\\\f000|0\eng\d
=020  \\$bpbk.
=035  \\$a(OCoLC)04509785
=040  \\$cGPO
=074  \\$a507-G-12
=086  \\$aHE 20.3159/2:187
=110  2\$aNational Cancer Institute (U.S.).$bDivision of Cancer Cause and Prevention.
=245  10$aBioassay of 5-chloro-o-toluidine for possible carcinogenicity.
=260  \\$aBethesda, Md. :$bDept. of Health, Education, and Welfare, Public Health Service, National Institutes of Health, National Cancer Institute, Division of Cancer Cause and Prevention, Carcinogenesis Testing Program,$c1979.
=300  \\$a102 p. in various pagings :$bill. ;$c27 cm.
=490  1\$aCarcinogenesis technical report series ; no. 187$5FU
=490  1\$aDHEW publication ; no. (NIH) 79-1743$5FU
=500  \\$a"CAS no. 95-79-4."$5FU
=504  \\$aBibliography: p. 43-44.
=650  \0$aCarcinogens.
=650  \0$aDyes and dyeing$xToxicology.
=650  \0$aAmines$xToxicology.
=810  1\$aNational Cancer Institute (U.S.).$tCarcinogenesis technical report series ;$vno. 187.
=830  \0$aDHEW publication$vno. (NIH) 79-1743.
=951  \\$108$aUFU01:001197304;$5FU

