=LDR  01790cam a22003137a 4500
=001  026690590
=005  20141002172900.0
=008  980625s1997\\\\dcu\\\\\b\\\\f000|0\eng\d
=035  \\$a(OCoLC)39349051
=040  \\$aDGPO$cDGPO$dDLC$dMvI
=074  \\$a0329 (MF)
=086  0\$aD 101.11:11-7440-214-40 P/997
=245  00$aGeneral support maintenance repair parts and special tools lists (including depot maintenance repair parts and special tools) for common control units C-8120(P)/G (NSN 7040-00-998-0045), C-10635/FYA-71(V) (NSN 7040-01-048-8828), and circuit switch module SA-1493/G (NSN 7040-00-998-0044)$h[microform].
=246  30$aCommon control units C-8120(P)/G (NSN 7040-00-998-0045), C-10635/FYA-71(V) (NSN 7040-01-048-8828), and circuit switch module ...
=260  \\$a[Washington, DC] :$bDepartments of the Army, the Navy, and the Air Force,$c1997]
=300  \\$a1 v.
=490  1\$aArmy TM ;$v11-7440-214-40P$5FFmFGC$5FU
=490  1\$aNavy EE ;$v164-DA-PLL-020/5101 C-8120$5FFmFGC$5FU
=500  \\$a"25 May 1982."$5FFmFGC$5FU
=500  \\$aShipping list no.: 98-0526-M.$5FFmFGC$5FU
=500  \\$a"Supersedes so much of TM 11-7440-214-15/NAVELEX 0967-LP-324-0010/TO 31W4-2G-21, 30 December 1968, as pertains to repair parts and special tools lists"--P. i.$5FFmFGC$5FU
=533  \\$aMicrofiche.$b[Washington, D.C.] :$cSupt. of Docs., U.S. G.P.O.,$d[1998]$e5 microfiches.$5FFmFGC$5FU
=650  \0$aSwitching circuits$xHandbooks, manuals, etc.
=650  \0$aElectronic circuits$xHandbooks, manuals, etc.
=710  1\$aUnited States.$bDepartment of the Army
=830  \0$aEE (Washington, D.C.) ;$v164-DA-PLL-020/5101 C-8120.
=830  \0$aDepartment of the Army technical manual ;$vTM 11-7440-214-40 P.
=951  \\$103$aGCU01:000223587;$5FFmFGC
=951  \\$108$aUFU01:002369653;$5FU

