=LDR  02628cem a2200457Ia 4500
=001  026717215
=005  20120430123102.0
=007  aj\canzn
=008  780323s1977\\\\vaub\\\cc\a\\f\\0\\\eng\d
=034  1\$aa$b4623000$dW1920000$eW0900000$fS0200000$gS0700000
=035  \\$a(OCoLC)03742387
=040  \\$aGIS$beng$cGIS$dOCL$dNMT$dOCL$dCOP$dOCLCQ$dSTF$dOCLCQ$dZCU$dRBN$dFUG
=043  \\$azme----
=050  14$aG3701.C5 svar$b.U52 I-1067
=052  \\$a3182$bM4
=074  \\$a0619-G-08
=086  0\$aI 19.91:I-1067
=090  \\$aG3701.C5 svar$b.U52 I-1067
=110  2\$aGeological Survey (U.S.)
=245  10$aShaded relief map of the Michelangelo quadrangle of Mercury (Solitudo Promenther albedo province) :$bH-12, H 5m-45/135 R /$cDepartment of the Interior, United States Geological Survey ; prepared for the National Aeronautics and Space Administration.
=246  30$aMichelangelo quadrangle of Mercury (Solitudo Promenther albedo province)
=255  \\$aScale 1:4,623,000 at 22.5 latitude ;$bLambert conformal proj.$c(W 192 --W 90 /S 20 --S 70 ).
=255  \\$aScale 1:4,623,000 at 22.5° latitude ;$bLambert conformal proj.$c(W 192°--W 90°/S 20°--S 70°).
=260  \\$aReston, Va. :$bU.S. Geological Survey ;$aArlington, VA :$bFor sale by Branch of Distribution, U.S. Geological Survey,$c1977.
=300  \\$a1 map :$bcol. ;$c50 x 80 cm., on sheet 85 x 91 cm., folded in envelope 30 x 24 cm.
=490  1\$aAtlas of Mercury. 1:5,000,000 topographic series$5FTaSU$5FU
=490  1\$aMiscellaneous investigations series ;$vmap I-1067$5FTaSU$5FU
=500  \\$a"Prepared on behalf of the Planetology Programs Office, National Aeronautics and Space Administration under contract W-13,709."$5FU
=500  \\$aPhoto map.$5FTaSU$5FU
=500  \\$a"Prepared for the National Aeronautics and Space Administration."$5FTaSU
=504  \\$aIncludes text, bibliographical references, location maps, and index maps.
=530  \\$aAlso available via the Internet from the USGS Web site.$5FU
=651  \0$aMercury (Planet)$vMaps.
=655  \7$aRemote-sensing maps.$2lcgft
=710  1\$aUnited States.$bNational Aeronautics and Space Administration.
=710  1\$aUnited States.$bNational Aeronautics and Space Administration.$bPlanetology Programs Office.
=810  2\$aGeological Survey (U.S.).$tAtlas of Mercury.$p1:5,000,000 topographic series.
=830  \0$aMiscellaneous investigations series (Geological Survey (U.S.)) ;$vmap I-1067.
=856  41$uhttp://pubs.er.usgs.gov/#search:advance/page=1/page_size=100/report_number=1067:22$5FU
=951  \\$105$aFSU01:001722595;$5FTaSU
=951  \\$108$aUFU01:005592621;$5FU

