=LDR  00797cam a2200253 a 4500
=005  20130709145715.0
=008  060915s2004\\\\mx\\\\\\\\\\\\000\1\spa\c
=010  \\$a2006493412
=020  \\$a9685426139
=020  \\$a9789685426138
=035  \\$a(OCoLC)58654565
=040  \\$aUBY$beng$cUBY$dDLC$dYDXCP$dOCLCG$dBDX$dFXG
=042  \\$apcc
=049  \\$aFXGG
=050  00$aPQ7390.P724$bP46 2004
=100  1\$aPrats Sariol, José,$d1946-
=245  14$aLas penas de la joven Lila /$cJosé Prats Sariol.
=250  \\$a1. ed.
=260  \\$aPuebla, Puebla [Mexico] :b LunArena ;$bBenemérita Universidad Autónoma de Puebla,$c2004.
=300  \\$a253 p. ;$c22 cm.
=490  1\$aColección El secreto
=490  1\$aSerie mayor.$aNarrativa
=830  \0$aColección El secreto.
=830  \0$aSerie mayor (Puebla, Mexico)

