=LDR  01569nam a2200301Ia 4500
=001  026755761
=005  20070120151625.0
=008  910814s1990\\\\flu\\\\\\\\\\s000|0\eng\d
=035  \\$a(OCoLC)24233756
=040  \\$aFDA$cFDA
=245  00$aSurface Water Improvement and Management (S.W.I.M.) Program project :$bpoint source assessment of the Apalachicola River and bay drainage basin : a working paper.
=260  \\$aHavana, Fla. :$bNorthwest Florida Water Management District,$c[1990]
=300  \\$aiv, 127, [9] p. :$bmaps ;$c28 cm.
=490  0\$aWater resources special report / Northwest Florida Water Management District ;$v90-2$5FTaSU
=490  1\$aWater resources special report ;$v90-2$5FU
=500  \\$a"Developed under the auspices of Chapter 373.453, Florida statutes."$5FTaSU
=500  \\$a"September 1989"--T.p.$5FTaSU$5FU
=500  \\$a"April 1990"--Cover.$5FTaSU$5FU
=500  \\$a"Developed under the ausices of Chapter 373.453, Florida statutes."$5FU
=650  \0$aWater quality$zFlorida$zApalachicola Bay.
=650  \0$aWater quality$zFlorida$zApalachicola River.
=710  2\$aNorthwest Florida Water Management District (Fla.)
=740  0\$aApalachicola River and Bay Project : point source assessment.
=740  0\$aPoint source assessment of the Apalachicola River and Bay drainage basin.
=740  0\$aSurface Water Improvement and Management Program (S.W.I.M.)
=830  \0$aWater resources special report (Northwest Florida Water Management District (Fla.)) ;$v90-2.
=951  \\$105$aFSU01:001221507;$5FTaSU
=951  \\$108$aUFU01:001728973;$5FU

