=LDR  02654cam a2200541Ia 4500
=001  026779144
=005  20091116142723.0
=007  he\bmb024bbca
=008  980827s1998\\\\dcua\\\\bbs\\f000|0\eng\d
=035  \\$atmp97217850
=035  \\$a(OCoLC)39756092
=035  \\$a(MARCIVE)govdoc online 20030815
=035  \\$a(MARCIVE)tmp97217850
=040  \\$aGAO$cGAO$dGPO
=042  \\$anlmcopyc
=043  \\$an-us---
=060  00$aC 3.223/27:22
=060  10$aJV 6461
=074  \\$a0154-B-55 (online)
=074  \\$a0154-B-55 (MF)
=086  0\$aC 3.223/27:22
=090  \\$aJV6461$b.S35
=100  1\$aSchmidley, A. Dianne.
=245  10$aHow well does the current population survey measure the foreign born population in the United States?$hmicroform /$cA. Dianne Schmidley and J. Gregory Robinson.
=260  \\$a[Washington, D.C.] :$bU.S. Dept. of Commerce, Economics and Statistics Administration, Bureau of the Census,$c[1998]
=300  \\$a20, 4, [7] p. :$bill. ;$c28 cm.
=490  1\$aPopulation division ;$vtechnical working paper ;$vno. 22$5FFmFGC$5FMFIU$5FTS
=490  1\$aPopulation division ;$vtechnical working paper no. 22$5FU
=500  \\$aAt head of title: Population Division.$5FFmFGC$5FMFIU$5FTS$5FU
=500  \\$aCover title.$5FFmFGC$5FMFIU$5FTS$5FU
=500  \\$aShipping list no.: 98-0864-M.$5FFmFGC$5FMFIU$5FTS$5FU
=500  \\$a"April 1998."$5FFmFGC$5FMFIU$5FTS$5FU
=504  \\$aIncludes bibliographical references.
=530  \\$aAlso available via Internet from the Census Bureau web site. Address as of 7-17-03: http://www.census.gov/population/www/documentation/twps0022/twps0022.html; current access is available via PURL.$5FFmFGC$5FMFIU$5FTS
=533  \\$aMicrofiche.$bWashington, D.C. :$cSupt. of Docs., U.S. G.P.O.,$d1998.$e1 microfiche : negative.$7s1998    dcun b$5FFmFGC$5FMFIU$5FTS
=533  \\$aMicrofiche.$b[Washington, D.C.] :$cSupt. of Docs., U.S. G.P.O.,$d1998.$e1 microfiche : negative.$5FU
=650  \0$aImmigrants$zUnited States$vStatistics.
=650  12$aEmigration and Immigration$xstatistics & numerical data$zUnited States.
=651  \0$aUnited States$xPopulation$vStatistics.
=700  1\$aRobinson, J. Gregory.
=710  1\$aUnited States.$bBureau of the Census.$bPopulation Division.
=830  \0$aWorking paper series (United States. Bureau of the Census. Population Division) ;$vno. 22.
=830  \0$aTechnical working paper series ;$vno. 22.
=856  41$uhttp://purl.access.gpo.gov/GPO/LPS33574$5FFmFGC$5FMFIU$5FTS
=951  \\$104$aFIU01:000800910;$5FMFIU
=951  \\$103$aGCU01:000227484;$5FFmFGC
=951  \\$110$aSFU01:001420129;$5FTS
=951  \\$108$aUFU01:002403998;$5FU

