=LDR  02052cam a2200457 i 4500
=001  026817571
=005  20100112135150.0
=008  790406s1978\\\\mdu\\\\\\\\\\f000|0\eng\d
=020  \\$bpbk. :$c{dollar}2.75
=035  \\$a(OCoLC)04829355
=037  \\$a017-024-00854-1
=040  \\$aGPO$cGPO$dMvI-ocm$dMvI-ocm$dMvI
=043  \\$an-us---
=074  \\$a498-C-1
=074  \\$a483-G-2
=086  \\$aHE 20.8302:Y 8
=086  0\$aHE 20.8308:Y 8/session$zHE 20.8302:Y 8
=099  \\$aHE 20.8302:Y 8
=110  2\$aNational Center for Alcohol Education.
=245  10$aYou, youth, and prevention /$cprepared by the National Center for Alcohol Education].
=260  \\$aRockville, Md. :$bDept. of Health, Education, and Welfare, Public Health Service, Alcohol, Drug Abuse, and Mental Health Administration, National Institute on Alcohol Abuse and Alcoholism ;$aWashington :$bfor sale by the Supt. of Docs., U.S. Govt. Print. Off.,$c1979.
=300  \\$a[2] v. :$bill. ;$c28 cm.
=440  \0$aDHEW publication ;$vno. (ADM) 78-648$5FMFIU
=490  1\$aDHEW publication ; no. (ADM) 78-648$5FTaFA$5FU$5FBoU$5FOFT
=490  1\$aDHEW publication ; no. (ADM) 78-649$5FU$5FBoU$5FOFT
=500  \\$aPrepared under contract no. ADM 281-75-0013.$5FTaFA$5FU$5FMFIU$5FBoU$5FOFT
=500  \\$aMONTHLY CATALOG NUMBER: gp 79011728$5FTaFA$5FMFIU
=500  \\$aMonthly Catalog Number: gp 79018331$5FBoU
=500  \\$aMonthly Catalog Number: gp 9018331$5FOFT
=505  0\$a[v. 1] Session outline cards.--[v. 2] Trainer manual.$5FU$5FBoU$5FOFT
=650  \0$aAlcoholism$xTreatment$zUnited States.
=650  \0$aYouth$xAlcohol use$zUnited States.
=650  \0$aYouth$xAlcohol use$zUnited States.
=710  2\$aNational Institute on Alcohol Abuse and Alcoholism (U.S.)
=830  \0$aDHEW publication$vno. (ADM) 78-648.
=830  \0$aDHEW publication$vno. (ADM) 78-648
=951  \\$101$aAMU01:000240297;$5FTaFA
=951  \\$107$aCFU01:000469642;$5FOFT
=951  \\$102$aFAU01:000460632;$5FBoU
=951  \\$104$aFIU01:000329993;$5FMFIU
=951  \\$108$aUFU01:001205894;$5FU

