=LDR  01183nam a2200289Ma 4500
=001  026840226
=005  20120623033800.0
=008  871105m19599999gw\\\\\\\b\\\\000|0\ger\d
=019  \\$a17211642
=035  \\$a(OCoLC)20248938
=040  \\$aGTX$cGTX
=043  \\$ae-fr---
=245  00$aElsass /$cmit Benutzung der von Johann Adam hinterlassenen Materialsammlung bearbeitet von Manfred Krebs und Hans Georg Rott.
=260  \\$a[Gütersloh] :$bG. Mohn,$c1959-
=300  \\$av. ;$c25 cm.
=490  0\$aQuellen und Forschungen zur Reformationsgeschichte ;$vBd. 26-27, 53$5FTaSU
=490  1\$aQuellen zur Geschichte der Täufer ;$v7.-8. Bd., 15. Bd.$5FTaSU
=504  \\$aIncludes bibliographical references.
=505  0\$a1. Stadt Strassburg 1522-1532 -- 2. Stadt Strassburg 1533-1535 -- 3. Stadt Strassburg 1536-1542.$5FTaSU
=651  \0$aStrasbourg (France)$xChurch history$xSources.
=650  \0$aAnabaptists$zFrance$xHistory$xSources.
=700  1\$aKrebs, Manfred,$d1892-
=700  1\$aAdam, Johann.
=700  1\$aRott, Jean.
=830  \0$aQuellen zur Geschichte der Täufer ;$v7.-8. Bd.
=830  \0$aQuellen zur Geschichte der Täufer ;$v15. Bd.
=951  \\$105$aFSU01:001225398;$5FTaSU

