=LDR  02339cam a2200397Ia 4500
=001  026858016
=005  20150203185232.0
=006  m\\\\\\\\d\f\\\\\\
=007  cr\bn|
=008  100810s1951\\\\enk\\\\\o\\\\f000\0\eng\d
=035  \\$a(OCoLC)654621428
=037  \\$a08-462$bLLMC
=040  \\$aOCLCE$beng$cOCLCE$dOCLCQ$dLLMC2
=043  \\$af-ua---
=082  04$a327.41062$218
=110  1\$aGreat Britain.$bForeign Office.
=245  10$aAnglo-Egyptian conversations on the defence of the Suez Canal and on the Sudan, December 1950- November 1951$h[electronic resource] /$cpresented by the Secretary of State for Foreign Affairs to Parliamen by command of His Majesty, November 1951.
=260  \\$aLondon :$bH.M.S.O,$c1951.
=300  \\$a1 online resource (47 p.).
=490  1\$aCmd. 8419$5FTaFA
=490  0\$aLaw Library Microform Consortium - Digital$5FTaFA
=500  \\$aTitle from PDF t.p. (LLMC Digital, viewed on Jan. 25, 2011).$5FTaFA
=500  \\$a"Egypt no. 2 (1951)".$5FTaFA
=500  \\$aAccess restricted to college of law students, faculty and staff.$5FTaFA
=651  \0$aSuez Canal (Egypt)
=651  \0$aSudan$xPolitics and government.
=651  \0$aEgypt$xForeign relations$zGreat Britain.
=651  \0$aGreat Britain$xForeign relations$zEgypt.
=776  08$iPrint version:$aGreat Britain. Foreign Office.$tAnglo-Egyptian conversations on the defence of the Suez Canal and on the Sudan, December 1950- November 1951.$dH.M.S.O, 1951$w(OCoLC)30167327
=830  \0$aCmd. (Great Britain. Parliament) ;$v8419.
=856  40$3Google$uhttp://books.google.com/books?id=1DcvAAAAIAAJ$zAccess limited to FAMU College of Law faculty, staff and students.$5FTaFA
=856  40$uhttp://famuproxy.fcla.edu/login?url=http://www.llmcdigital.org/default.aspx?redir=08462$zAccess limited to FAMU College of Law faculty, staff and students.$5FTaFA
=856  40$uhttp://www.llmcdigital.org/default.aspx?redir=08462$yUF: Off-campus access limited to current UF students & employees$5FU
=856  40$uhttps://proxy.lib.fsu.edu/login?url=http://www.llmcdigital.org/default.aspx?redir=08462$yFSU: Off-campus access limited to current FSU students & employees$5FTaSU
=856  40$uhttp://ezproxy.fiu.edu/login?url=http://www.llmcdigital.org/default.aspx?redir=08462$yFIU users: view content here$5FMFIU
=951  \\$101$aAMU01:001311811;$5FTaFA

