=LDR  01656cam a2200349 i 4500
=001  026879499
=005  20110913122052.0
=008  891031s1979\\\\dcub\\\\\b\\\f000|0\eng\d
=020  \\$bpbk.
=035  \\$a(OCoLC)05324929
=040  \\$aGPO$cGPO
=043  \\$an-us---
=074  \\$a429-T-44
=086  0\$aE 3.26/4:7
=100  1\$aTaschdjian, Martin.
=245  14$aThe effect of legislative and regulatory actions on competition in petroleum markets /$cprepared by Martin Taschdjian, Regulatory and Competitive Analysis Division, Office of Energy Industry Analysis.
=260  \\$aWashington :$bDept. of Energy, Energy Information Administration, Office of Applied Analysis,$c1979.
=300  \\$aiii, 61, [4] p. :$bmaps ;$c27 cm.
=490  0\$aDOE/EIA ; 0184-7$5FU
=490  1\$aAnalysis report - Energy Information Administration ; AR/EI/79-29$5FU$5FOFT
=500  \\$a"DOE/EIA 0184-7."$5FOFT
=500  \\$aMonthly Catalog Number: gp 9020043$5FOFT
=500  \\$aApril 1979.$5FU$5FOFT
=504  \\$aIncludes bibliographical references.
=650  \0$aPetroleum industry and trade$zUnited States.
=650  \0$aPetroleum products$xPrices$zUnited States.
=710  1\$aUnited States.$bEnergy Information Administration.$bOffice of Energy Industry Analysis.$bRegulatory and Competitive Analysis Division.
=710  1\$aUnited States.$bEnergy Information Administration.$bOffice of Applied Analysis.
=810  1\$aUnited States.$bEnergy Information Administration.$tAnalysis report - Energy Information Administration ;$vAR/EI/79-29.
=830  \0$aAnalysis report ;$vAR/EI/79-29.
=951  \\$107$aCFU01:000471252;$5FOFT
=951  \\$108$aUFU01:001207132;$5FU

