=LDR  03788cam a2200409 a 4500
=001  026901961
=005  20090612141219.0
=008  070522s2007\\\\enka\\\\\b\\\\001\0\eng\\
=010  \\$a2007297064
=015  \\$aGBA699144$2bnb
=016  7\$a013608408$2Uk
=020  \\$a9781855661387 (hbk.)
=020  \\$a1855661381 (hbk.)
=035  \\$a(OCoLC)76798915
=040  \\$aUKM$cUKM$dBAKER$dYDXCP$dBWKUK$dBTCTA$dFTU
=042  \\$alccopycat
=043  \\$ae-sp---
=050  \4$aPQ6057$b.R49 2007
=050  00$aPQ6066$b.R485 2007
=082  04$a860.998$222
=245  00$aRewriting classical mythology in the Hispanic Baroque /$cedited by Isabel Torres.
=260  \\$aWoodbridge, UK ;$aRochester, NY :$bTamesis,$c2007.
=300  \\$avi, 210 p. :$bill. (some col.) ;$c24 cm.
=440  \0$aColección Támesis.$nSerie A,$pMonografías ;$v233$5FOFT
=490  0\$aColección Támesis. Serie A, Monografías ; 233$5FTS
=490  0\$aColección Támesis. Serie A, Monografías ;$vv. 233$5FMFIU
=504  \\$aIncludes bibliographical references (p. [189]-204) and index.
=505  0\$aIntroduction: con pretensión de Fénix / Isabel Torres -- 'Al cielo transladado': Quevedo's Apotheosis of Leander / D. Gareth Walters -- River gods of Andalusia: Pedro Espinosa's Fábula de Polifemo y Galatea / Trevor J. Dadson -- Galatea descending ... rereading Góngora's Polifemo stanzas 13-23 / Isabel Torres -- A tale of two serpents: biblical and mythological allusions in Cervantes's El celoso extremeño / Stephen Boyd -- The wound and the bow: Cervantes, Philoctetes and the pathology of genius / B.W. Ife -- Myth or history? Lope de Vega's Caballero de Olmedo / Anthony Lappin -- Pedro Calderón de la Barca's Eco y Narciso: court drama and the poetics of reflection / Jeremy Robbins -- From allegory to mockery: Baroque theatrical representations of the labyrinth / Bruce Swansey -- Mars recontextualized in the Golden Age of Spain: psychological and aesthetic readings of Velázquez's Marte / Oliver Noble Wood -- Ut pictura poesis: Calderón's picturing of myth / D.W. Cruickshank -- Opera on the margins in colonial Latin America: conceived under the sign of love / Jean Andrews.$5FTS
=505  0\$aIntroduction: con pretensión de Fénix / Isabel Torres -- 'Al cielo transladado' : Quevedo's Apotheosis of Leander / D. Gareth Walters -- River gods of Andalusia : Pedro Espinosa's Fábula de Genil / Barry Taylor -- Rewriting the pastoral : Góngora's Fábula de Polifemo y Galatea / Trevor J. Dadson -- Galatea descending ... rereading Góngora's Polifemo stanzas 13-23 / Isabel Torres -- A tale of two serpents : biblical and mythological allusions in Cervantes's El celoso extremeño / Stephen Boyd -- The wound and the bow : Cervantes, Philoctetes and the pathology of genius / B.W. Ife -- Myth or history? Lope de Vega's Caballero de Olmedo / Anthony Lappin -- Pedro Calderón de la Barca's Eco y Narciso : court drama and the poetics of reflection / Jeremy Robbins -- From allegory to mockery : Baroque theatrical representations of the labyrinth / Bruce Swansey -- Mars recontextualized in the Golden Age of Spain : psychological and aesthetic readings of Velázquez's Marte / Oliver Noble Wood -- Ut pictura poesis : Calderón's picturing of myth / D.W. Cruickshank -- Opera on the margins in colonial Latin America : conceived under the sign of love / Jean Andrews.$5FMFIU
=650  \0$aSpanish American literature$yTo 1800$xHistory and criticism.
=650  \0$aMythology in literature.
=650  \0$aBaroque literature$xHistory and criticism.
=650  \0$aSpanish literature$yClassical period, 1500-1700$xHistory and criticism.
=700  1\$aTorres, Isabel.
=951  \\$107$aCFU01:001396870;$5FOFT
=951  \\$104$aFIU01:001358442;$5FMFIU
=951  \\$110$aSFU01:001801440;$5FTS

