=LDR  01379nam a2200325Ka 4500
=001  026927401
=005  20120623065600.0
=008  920305s19911991ilu\\\\\b\\\\f000|0\eng\d
=035  \\$a(OCoLC)25394880
=037  \\$aN 91-24016$bGPO
=040  \\$aGPO$cGPO
=074  \\$a0830-H-14 (MF)
=086  0\$aNAS 1.26:188171
=100  1\$aGradwohl, Ben-Ami.
=245  12$aA cosmic superfluid phase$hmicroform /$cBen-Ami Gradwohl.
=260  \\$a[Batavia, Ill.?] :$bFermi National Accelerator Laboratory,$c[1991]
=300  \\$a1 v.
=490  0\$aFERMILAB-pub ;$v91/55-A$5FU$5FTaSU$5FTS$5FBoU
=490  1\$aNASA-CR ;$v188171$5FU$5FTaSU$5FTS$5FBoU
=500  \\$aDistributed to depository libraries in microfiche.$5FU$5FTaSU$5FTS$5FBoU
=533  \\$aMicrofiche.$b[Washington, D.C.? :$cNational Aeronautics and Space Administration],$d1991.$e1 microfiche.$5FU$5FTS$5FBoU
=533  \\$aMicrofiche.$b[Washington, D.C.? :$cNational Aeronautics and Space Administration],$d1991.$e1 microfiche : negative ; 11 x 15 cm.$5FTaSU
=650  \0$aCosmology.
=710  1\$aUnited States.$bNational Aeronautics and Space Administration.
=710  2\$aFermi National Accelerator Laboratory.
=830  \0$aNASA contractor report ;$vNASA CR-188171.
=951  \\$102$aFAU01:000443983;$5FBoU
=951  \\$105$aFSU01:001263225;$5FTaSU
=951  \\$110$aSFU01:000879908;$5FTS
=951  \\$108$aUFU01:001711257;$5FU

