=LDR  02487cam a2200589 a 4500
=001  026952411
=005  20150408184249.0
=008  731126s1974\\\\mdua\\\\\bs\\f000\0\eng\\
=010  \\$a73020362
=016  7\$a0424405$2DNLM
=019  \\$a32168983
=035  \\$a(OCoLC)00762567
=040  \\$aDLC$beng$cDLC$dNLM$dOCLCQ$dBTCTA$dWAU$dGPO$dOCLCO$dOCLCA$dOCLCF$dOCLCQ$dOCLCO$dFTU
=043  \\$an-us---
=049  \\$aFTUG
=050  00$aRA407.3$b.A347 no. 139$aLB1135
=060  00$aW2 A$bN148vk no.139 1974
=074  \\$a0500-E
=082  00$a373.1/8/10973
=086  0\$aHE 20.6209:11/139
=100  1\$aOliver, Lincoln I.
=245  10$aBehavior patterns in school of youths 12-17 years, United States /$c[by Lincoln I. Oliver].
=260  \\$aRockville, Md. :$bU.S. Dept. of Health, Education, and Welfare, Public Health Service, Health Resources Administration, National Center for Health Statistics,$c1974.
=300  \\$aiii, 52 pages :$billustrations ;$c26 cm.
=336  \\$atext$btxt$2rdacontent
=337  \\$aunmediated$bn$2rdamedia
=338  \\$avolume$bnc$2rdacarrier
=490  1\$aVital and health statistics ;$vseries 11.$aData from the National Health Survey ;$vno. 139
=490  1\$aDHEW publication ;$vno. (HRA) 74-1621
=500  \\$a[Division of Health Examination Statistics].$5FJUNF$5FMFIU$5FU$5FOFT
=500  \\$a[Prepared in cooperation with Bureau of Census].$5FJUNF$5FMFIU$5FU$5FOFT
=500  \\$a"May 1974."
=504  \\$aIncludes bibliographical references.
=650  \0$aAdolescence.
=650  \0$aAdolescent psychology.
=650  \0$aAcademic achievement$zUnited States.
=650  \2$aAchievement$zUnited States$vStatistics.
=650  \2$aAptitude$zUnited States$vStatistics.
=650  \2$aChild Behavior$zUnited States$vStatistics.
=650  \2$aSchool Health Services$zUnited States$vStatistics.
=650  22$aAdolescent$zUnited States.
=650  \7$aAcademic achievement.$2fast$0(OCoLC)fst00794949
=650  \7$aAdolescence.$2fast$0(OCoLC)fst00796984
=650  \7$aAdolescent psychology.$2fast$0(OCoLC)fst00797018
=651  \7$aUnited States.$2fast$0(OCoLC)fst01204155
=830  \0$aVital and health statistics.$nSeries 11,$pData from the National Health Survey ;$vno. 139.
=830  \0$aDHEW publication ;$vno. (HRA) 74-1621.
=951  \\$107$aCFU01:002113410;$5FOFT
=951  \\$102$aFAU01:001920822;
=951  \\$104$aFIU01:001826514;$5FMFIU
=951  \\$109$aNFU01:000788662;$5FJUNF
=951  \\$108$aUFU01:005526186;$5FU

