=LDR  00797nam a2200217I  4500
=001  026977387
=005  20120623034600.0
=008  801210s1956\\\\maua\\\\\\\\\f000|0\eng\d
=035  \\$a(OCoLC)07021484
=040  \\$aTEU$cTEU$dFDA
=090  \\$aQC801$b.G46 no.52
=100  1\$aPlank, Vernon G.
=245  12$aA meteorological study of radar angles.
=260  \\$aBedford, Mass.,$bGeophysics Research Directorate, Air Force Cambridge Research Center,$c1956.
=300  \\$a117 p.$billus.$c28 cm.
=490  0\$aUnited States Air Force. Cambridge Research Center. Geophysics Research Directorate. Geophysical research papers,$vno. 52$5FTaSU
=490  0\$aAFCRC-TR-56-211$5FTaSU
=504  \\$aBibliography: p. 109-117.
=500  \\$aIncludes errata.$5FTaSU
=650  \0$aRadar.
=951  \\$105$aFSU01:000724910;$5FTaSU

