=LDR  00897nam a2200277I  4500
=001  026999016
=005  20090414122228.0
=008  790403s1960\\\\ilua\\\\\\\\\\000\0\eng\\
=010  \\$a   60050501 
=035  \\$a(OCoLC)04817917
=040  \\$aDLC$cAJB$dm.c.$dFWA
=042  \\$apremarc
=050  00$aLB1117$b.P16
=082  \\$a151
=099  \9$aG.S$aSRA$aGr.9-12$a1960$a#8
=100  1\$aPackard, Vance,$d1914-1996.
=245  00$aDo your dreams match your talents?$cIllustrated by Bud Donahue and associates.
=260  \\$aChicago,$bScience Research Associates,$c1960.
=300  \\$a43 p.$billus.$c22 cm.
=490  0\$aGuidance series booklets,$v149$5FU
=490  0\$aGuidance series booklets$5FPeU
=650  \0$aAbility.
=690  \\$aGUIDANCE & COUNSELING (SECONDARY SCHOOL)$5FPeU
=700  1\$aPackard, Vance,$d1914-1996.
=951  \\$108$aUFU01:000746089;$5FU
=951  \\$111$aWFU01:000296104;$5FPeU

