=LDR  02143cam a2200493Ia 4500
=001  027023196
=005  20150205135330.0
=008  861003s1985\\\\dcua\\\\\b\\\f001\0\eng\d
=019  \\$a77576344
=035  \\$a(OCoLC)14339049
=040  \\$aNHC$beng$cNHC$dIUD$dXBM$dOCLCQ$dCGN$dWPG$dLPU$dOCLCQ$dOCLCF$dOCLCO$dOCLCQ$dFTU
=043  \\$an-us---
=049  \\$aFTUG
=050  14$aRC756$b.H42 1985
=060  \4$aWF 600 H434 1985
=082  04$a613.8
=086  0\$aHE 20.25/2:985
=088  \\$aDHHS-PHS-85-50207
=245  04$aThe Health consequences of smoking :$bcancer and chronic lung disease in the workplace, a report of the Surgeon General /$cU.S. Department of Health and Human Services, Public Health Service, Office on Smoking and Health.
=246  3\$aCancer and chronic lung disease in the workplace
=260  \\$aRockville, MD. :$bThe Office ;$aWashington, D.C. :$bFor sale by the Supt. of Doc., U.S. G.P.O.,$c1985.
=300  \\$axxiii, 542 pages :$billustrations ;$c23 cm.
=336  \\$atext$btxt$2rdacontent
=337  \\$aunmediated$bn$2rdamedia
=338  \\$avolume$bnc$2rdacarrier
=490  1\$aDHHS (PHS) / U.S. Department of Health and Human Services, Public Health Service, Office on Smoking and Health ;$v85-50207
=500  \\$a"May 1, 1986"--p. [iii].
=504  \\$aIncludes bibliographical references (pages 510-515) and index.
=650  \0$aLungs$xDiseases$xEtiology.
=650  \0$aTumors$xEtiology.
=650  \0$aTobacco$xPhysiological effect.
=650  \2$aLung Diseases$xetiology.
=650  \2$aNeoplasms$xetiology.
=650  \2$aSmoking.
=650  \7$aLungs$xDiseases$xEtiology.$2fast$0(OCoLC)fst01003786
=650  \7$aTobacco$xPhysiological effect.$2fast$0(OCoLC)fst01432110
=650  \7$aTumors$xEtiology.$2fast$0(OCoLC)fst01158767
=710  1\$aUnited States.$bPublic Health Service.$bOffice of the Surgeon General.
=710  1\$aUnited States.$bOffice on Smoking and Health.
=830  \0$aDHHS publication ;$vno. (PHS) 85-50207.
=951  \\$105$aFSU01:000817656;$5FTaSU
=951  \\$109$aNFU01:000285626;$5FJUNF
=951  \\$110$aSFU01:000909029;$5FTS
=951  \\$108$aUFU01:000967060;$5FU

