=LDR  02433nam a2200517 a 4500
=001  027044223
=005  20120523155717.0
=006  m\\\\\\\\d\\\\\\\\
=007  cr\|||||||||||
=008  120412s2011\\\\mdua\\\\obs\\f000\0\eng\\
=035  \\$a(OCoLC)785592569
=040  \\$aGPO$cGPO$dMvI
=042  \\$apcc
=043  \\$an-us---
=074  \\$a0500-E-18 (online)
=086  0\$aHE 20.6209/3-2:38
=088  \\$aT39111 (04/2011)
=088  \\$aCS220368
=245  00$aHome health care and discharged hospice care patients$h[electronic resource] :$bUnited States, 2000 and 2007 /$cby Christine Caffrey ... [et al.].
=260  \\$aHyattsville, Md. :$bU.S. Dept. of Health and Human Services, Centers for Disease Control and Prevention, National Center for Health Statistics,$c[2011]
=300  \\$a1 online resource (28 p.) :$bcol. ill.
=490  1\$aDHHS publication ;$vno. (PHS) 2011-1250$5FJUNF$5FMFIU$5FTaFA$5FBoU$5FFmFGC$5FU$5FOFT
=490  1\$aNational health statistics reports ;$vno. 38$5FJUNF$5FMFIU$5FTaFA$5FBoU$5FFmFGC$5FU$5FOFT
=500  \\$aTitle from PDF caption (viewed Apr. 12, 2012).$5FJUNF$5FMFIU$5FTaFA$5FBoU$5FFmFGC$5FU$5FOFT
=500  \\$a"April 27, 2011."$5FJUNF$5FMFIU$5FTaFA$5FBoU$5FFmFGC$5FU$5FOFT
=504  \\$aIncludes bibliographical references (p. 8).
=610  20$aNational Home and Hospice Care Survey (U.S.)$vStatistics.
=650  \0$aHome care services$xUtilization$zUnited States.
=650  \0$aHospice care$xUtilization$zUnited States.
=650  \0$aHome care services$zUnited States$vStatistics.
=650  \0$aHospice care$zUnited States$vStatistics.
=650  \0$aHome nursing$zUnited States$vStatistics.
=700  1\$aCaffrey, Christine.
=710  2\$aNational Center for Health Statistics (U.S.)
=776  08$iPrint version:$tHome health care and discharged hospice care patients$w(DLC) 2011388482$w(OCoLC)729743507
=830  \0$aNational health statistics reports ;$vno. 38.
=830  \0$aDHHS publication$vno. (PHS) 2011-1250.
=856  40$uhttp://purl.fdlp.gov/GPO/gpo21373$5FJUNF$5FMFIU$5FTaFA$5FBoU$5FU$5FOFT
=856  40$yConnect Now$uhttp://purl.fdlp.gov/GPO/gpo21373$5FFmFGC
=951  \\$101$aAMU01:001415279;$5FTaFA
=951  \\$107$aCFU01:002163138;$5FOFT
=951  \\$102$aFAU01:001936172;$5FBoU
=951  \\$104$aFIU01:001870921;$5FMFIU
=951  \\$103$aGCU01:000546553;$5FFmFGC
=951  \\$109$aNFU01:000792431;$5FJUNF
=951  \\$108$aUFU01:005595202;$5FU

