=LDR  00683cam a2200205Ia 4500
=001  027064550
=005  20120623035100.0
=008  840716t19831944nyu\\\\\\\\\\\000|1\eng\d
=020  \\$a0553350110
=035  \\$a(OCoLC)10952731
=040  \\$aINO$cINO$dOCL$dIAE$dFGM
=090  \\$aPR6005.H66$bT65 1983
=100  1\$aChristie, Agatha,$d1890-1976.
=245  10$aTowards zero /$cAgatha Christie.
=260  \\$aToronto ;$aNew York :$bBantam Books,$c[1983], 1944.
=300  \\$a178 p. ;$c23 cm.
=490  0\$aThe Agatha Christie mystery collection$5FBoU
=490  0\$a[Agatha Christie hardcover collection]$5FBoU
=650  \0$aDetective and mystery stories, English.
=951  \\$102$aFAU01:000764972;$5FBoU

