=LDR  01228nam a22003251  4500
=001  027087624
=005  20090616124923.0
=008  710326r19681891nyuc\\\\\\\\\|000|0\eng\\
=010  \\$a   68056745 
=019  \\$a231853
=035  \\$a(OCoLC)640066663
=040  \\$aDLC$cDLC$dm/c$dFTU
=043  \\$an-us---
=050  0\$aHD1485.F24$bM6 1968
=082  0\$a330.973
=100  1\$aMorgan, W. Scott.
=245  10$aHistory of the wheel and alliance and the impending revolution,$cby W. Scott Morgan.
=260  \\$aNew York,$bB. Franklin$c[1968]
=300  \\$a358, [391]-774 p.$bports.$c24 cm.
=490  1\$aBurt Franklin research & source works,$vno. 228$5FOFT
=490  1\$aBurt Franklin American classics in history & social science,$vno. 34$5FOFT
=500  \\$aReprint of the 1891 ed.$5FOFT
=610  20$aNational Farmers' Alliance and Industrial Union.
=610  20$aNational Agricultural Wheel.
=651  \0$aUnited States$xEconomic conditions.
=650  \0$aAgriculture$zUnited States.
=650  \0$aAgriculture$xEconomic aspects$zUnited States.
=830  \0$aBurt Franklin research & source works series ;$vno. 228.
=830  \0$aAmerican classics in history and social science ;$v34.
=951  \\$107$aCFU01:000273915;$5FOFT

