=LDR  02060pam a22005534a 4500
=001  027105941
=005  20060515121902.0
=008  010920s2002\\\\nyua\\\\\b\\\\001\0\eng\\
=010  \\$a2001049820
=015  \\$aGBA2-01463
=016  7\$a962376469$2GyFmDB
=020  \\$a3540423346
=020  \\$a3540423346 (alk. paper)
=035  \\$a(OCoLC)48053836
=040  \\$aDLC$cDLC$dOHX$dOSU$dGZM$dUKM$dFDA
=042  \\$apcc
=050  00$aQC1$b.S797 vol. 177$aQC174.17.F45
=072  \7$aQC$2lcco
=082  00$a539 s$a530.12$221
=090  \\$aQ111$b.E7 vol. 177
=100  1\$aSmirnov, V. A.$q(Vladimir Alexandrovich),$d1951-
=245  10$aApplied asymptotic expansions in momenta and masses /$cVladimir A. Smirnov.
=260  \\$aBerlin ;$aNew York :$bSpringer,$cc2002.
=300  \\$aix, 262 p. :$bill. ;$c24 cm.
=440  \0$aSpringer tracts in modern physics,$x0081-3869 ;$v177$5FTS
=490  0\$aSpringer tracts in modern physics,$x0081-3869 ;$v177$5FTaSU
=490  1\$aSpringer tracts in modern physics ;$vv. 177$5FU$5FOFT
=504  \\$aIncludes bibliographical references (p. [253]-259) and index.
=650  \0$aFeynman integrals.
=650  \0$aAsymptotic expansions.
=830  \0$aSpringer tracts in modern physics ;$v177.
=970  11$l1$tIntroduction$p1
=970  11$l2$tFeynman Integrals: a Brief Review$p17
=970  11$l3$tWhy, Where and How to Expand$p51
=970  11$l4$tOff-Shell-Momentum Expansion$p67
=970  11$l5$tLarge-Mass Expansion$p95
=970  11$l6$tThreshold Expansion. One Heavy Mass in the Threshold$p115
=970  11$l7$tThreshold Expansion. Two Masses in the Threshold$p135
=970  11$l8$tSudakov Limits$p165
=970  11$l9$tConclusion$p209
=970  01$tA: Tables$p225
=970  11$lB$tTechnical Details: Convergence and Asymptotic Behaviour$p235
=970  01$tReferences$p253
=970  01$tList of Symbols$p261
=970  01$tIndex$p263
=951  \\$107$aCFU01:000968726;$5FOFT
=951  \\$105$aFSU01:002295007;$5FTaSU
=951  \\$110$aSFU01:001335027;$5FTS
=951  \\$108$aUFU01:002810102;$5FU

