=LDR  02035nai a2200445 a 4500
=001  027131210
=005  20120420152044.0
=006  m\\\\\\\\d\\\\\\\\
=007  cr\|||||||||||
=008  120320c20009999mdu\x\wso\\\\f0\\\\2spa\c
=010  \\$a2012230098
=035  \\$a(OCoLC)780636919
=040  \\$aGPO$cGPO$dGPO$dMvI
=041  1\$aspa$heng
=042  \\$apcc
=074  \\$a0507-L-13 (online)
=086  0\$aHE 20.3520:P 15/SPAN.
=245  00$aParálisis supranuclear progresiva$h[electronic resource].
=260  \\$aBethesda, MD :$bNational Institute of Neurological Disorders and Stroke, National Institutes of Health.
=300  \\$a1 online resource
=310  \\$aUpdated irregularly
=362  1\$aBegan in 2000?$5FTaSU$5FBoU$5FFmFGC$5FU$5FOFT
=490  1\$aPublicación de NIH ;$v00-3997$5FBoU$5FU$5FOFT
=490  1\$aPublicación de NIH ;$v00-3997$5FTaSU$5FFmFGC
=500  \\$a"Preparado por: Office of Communications and Public Liaison, National Institute of Neurological Disorders and Stroke."$5FTaSU$5FBoU$5FFmFGC$5FU$5FOFT
=588  \\$aDescription based on: revisado Dec. 18, 2009; title from caption (viewed Mar. 20, 2012).
=650  \0$aProgressive supranuclear palsy.
=650  \0$aProgressive supranuclear palsy$vPopular works.
=710  2\$aNational Institute of Neurological Disorders and Stroke (U.S.).$bOffice of Communications and Public Liaison.
=710  2\$aNational Institutes of Health (U.S.)
=775  08$iEnglish edition:$tProgressive supranuclear palsy fact sheet$w(DLC) 2012230075$w(OCoLC)775010912
=776  08$iPrint version, 2000:$tParálisis supranuclear progresiva$w(OCoLC)44947148
=830  \0$aNIH publication,$nno. 00-3997.
=856  40$uhttp://purl.access.gpo.gov/GPO/LPS5621$5FTaSU$5FBoU$5FU$5FOFT
=856  40$yConnect Now$uhttp://purl.access.gpo.gov/GPO/LPS5621$5FFmFGC
=951  \\$107$aCFU01:002159497;$5FOFT
=951  \\$102$aFAU01:001932561;$5FBoU
=951  \\$105$aFSU01:003253575;$5FTaSU
=951  \\$103$aGCU01:000541666;$5FFmFGC
=951  \\$108$aUFU01:005588649;$5FU

