=LDR  01346cam a2200265 i 4500
=001  027161809
=005  20120623035700.0
=008  80052\s1978\\\\dcu\\\\\\b\\\f000|0\eng\d
=020  \\$bpbk.
=035  \\$a(OCoLC)06337961
=040  \\$aGPO$cGPO$dMvI-ran$dMvI-ran
=086  0\$aE 3.26/2:EI/78-14
=100  1\$aFrederiksen, Mark J.
=245  13$aAn analysis of the productivity of domestic petroleum exploration activities /$cprepared by Mark J. Frederiksen, Office of Energy Industry Analysis.
=260  \\$a[Washington] :$bDept. of Energy, Energy Information Administration, Office of Applied Analysis, Office of Energy Industry Analysis ;$aSpringfield, Va. :$bfor sale by the National Technical Information Service,$c1978.
=300  \\$av, 52 p. :$bill. ;$c28 cm.
=490  0\$aDOE/EIA ; 0102/7$5FU
=490  1\$aAnalysis memorandum - Energy Information Administration ; AM/EI/78-14$5FU
=500  \\$aJuly 1978.$5FU
=504  \\$aIncludes bibliographical references.
=650  \0$aPetroleum industry and trade$zUnited States.
=650  \0$aEnergy development$zUnited States.
=710  1\$aUnited States.$bEnergy Information Administration.$bOffice of Energy Industry Analysis.
=810  1\$aUnited States.$bEnergy Information Administration.$tAnalysis memorandum - Energy Information Administration ;$vAM/EI/78-14.
=951  \\$108$aUFU01:001220743;$5FU

