=LDR  03375cas a2200517 a 4500
=001  027186760
=005  20100618122409.0
=008  881013d19571970dcuqr\p\\s\\\f0\\\\0eng\d
=010  \\$asn 88029205
=035  \\$a(OCoLC)18605785
=040  \\$aNYG$cNYG$dDLC$dOCLCQ$dFUG
=042  \\$alcd
=050  \4$aHE2713$b.Un314
=082  04$a385.0973$bfU56o
=086  0\$aIC 1 ste.19:
=245  00$aOperating revenues and operating expenses of class I railroads in the United States /$cInterstate Commerce Commission, Bureau of Transport Economics and Statistics.
=260  \\$a[Washington, D.C.] :$bG.P.O.,$c1957-1970.
=300  \\$av. ;$c28-45 cm.
=310  \\$aQuarterly,$b1962-1970
=321  \\$aMonthly,$bJan. 1957-Dec. 1961$5FU
=362  0\$aJan. 1957-4th quarter 1970.$5FU
=490  1\$aStatement ;$vno. M-100$5FU
=490  1\$aStatement ;$vno. Q-100$5FU
=490  1\$aStatement ;$vno. Q-100 (R & E)$5FU
=500  \\$a"Compiled from ... monthly reports of revenues and expenses representing ... class I railroads (switching and terminal companies not included)."$5FU
=500  \\$aTitle from caption.$5FU
=515  \\$aCompares the monthly (later quarterly) statistics of the current year with that of the preceding year.$5FU
=515  \\$aIssue for 1st quarter 1968 "is the first in a new series, and it replaces the following statements": Q-100, Q-100-AS, and Q-150, which were discontinued with the fourth quarter 1967.$5FU
=550  \\$aIssued Jan. 1957-1964 by the U.S. Interstate Commerce Commission, Bureau of Transport Economics and Statistics; 1st quarter 1965, by the Commission's Bureau of Economics; 2nd quarter 1965-1970 by the Commission's Bureau of Accounts.
=650  \0$aRailroads$zUnited States$vStatistics$vPeriodicals.
=710  1\$aUnited States.$bInterstate Commerce Commission.$bBureau of Transport Economics and Statistics.
=710  1\$aUnited States.$bInterstate Commerce Commission.$bBureau of Economics
=710  1\$aUnited States.$bInterstate Commerce Commission.$bBureau of Accounts.
=780  00$tOperating revenues and operating expenses of class I railways in the United States$w(DLC)sn 88029204$w(OCoLC)18605686$5FU
=785  17$tSelected income and balance sheet items$5FU
=785  17$tOperating statistics of class I line-haul railroads in the United States, selected items$5FU
=785  17$tTrain and yard service of class I railroads in the United States$5FU
=785  17$tRevenue traffic statistics of class I line-haul railroads in the United States$5FU
=785  17$tMotive power and car equipment of class I railroads in the United States$w(DLC) 89642320$w(OCoLC)18539138$5FU
=785  17$tFinancial and operating statistics for the ... Class I railroads$w(OCoLC)1639515$5FU
=830  \0$aStatement (United States. Interstate Commerce Commission. Bureau of Transport Economics and Statistics) ;$vno. M-100.
=830  \0$aStatement (United States. Interstate Commerce Commission. Bureau of Transport Economics and Statistics) ;$vno. Q-100.
=830  \0$aStatement (United States. Interstate Commerce Commission. Bureau of Economics) ;$vno. Q-100.
=830  \0$aStatement (United States. Interstate Commerce Commission. Bureau of Accounts) ;$vno. Q-100.
=830  \0$aStatement (United States. Interstate Commerce Commission. Bureau of Accounts) ;$vno. Q-100 (R & E)
=951  \\$108$aUFU01:004929296;$5FU

