=LDR  03199cam a2200397 a 4500
=001  027210907
=005  20140421093701.0
=008  100301s2009\\\\fr\\\\\\\b\\\\100\0\fre\c
=019  \\$a611920390
=020  \\$a9782256911408
=020  \\$a2256911403
=035  \\$a(OCoLC)535017587
=040  \\$aCGU$cCGU$dERASP$dABC$dAUXAM$dFUG
=041  0\$afre
=042  \\$apcc
=050  \4$aPQ2601.R677$bZ53 2009
=090  \\$aPN3$b.R4 no.2001-2006
=245  00$aAntonin Artaud :$b"littéralement et dans tou les sens" : actes du colloque de Cerisy-la-Salle, 30 juin-10 juillet 2003 /$ctextes présentés et réunis par Olivier Penot-Lacassagne.
=246  30$a"Littéralement et dans tou les sens"
=246  18$aArtaud 3
=246  14$aAntonin Artaud 3
=260  \\$aCaen :$bLettres modernes Minard,$c2009.
=300  \\$a330 p. ;$c19 cm.
=490  0\$aLa revue des lettres modernes ;$v2001-2006$5FTaSU
=490  1\$aLa revue des lettres modernes ;$v2001-2006$5FU$5FMFIU
=490  1\$aAntonin Artaud ;$v3
=500  \\$a"Ouvrage publiés avec le concours du Centre national du livre."
=504  \\$aIncludes bibliographical references.
=505  00$tUn pas au-delà /$rOlivier Penot-Lacassagne --$t"Une existence hantée par lui" /$rOlivier Penot-Lacassagne --$tLes Cahiers de Rodez et l'édition Gallimard: une lecture incompatible /$rDelphine Lelièvre --$tPlus Artaud que Paule. Sur l'édition de l'inédit /$rLaurent Dubreuil --$tArtaud et le ressourcement mythique des années Trente /$rGuillaume Bridet --$tDe l'obsession mythographique: invention et réinvention de la fable chez Artonin Artaud /$rGuy Dureau --$tArtaud et le mysticisme chrétien: la question des médiations sensibles /$rLudovic Cortade --$tAntonin Artaud et le mythe de l'Atlantide /$rMarcello Gallucci --$tAntonin Artaud et André Breton entre amour fou et androgynie /$rEmmanuel Rubio --$tLa Décision du vide (sur Les Nouvelles révélations de l'Être d'Antonin Artaud) /$rJacob Rogozinski --$tLe Rire d'Artaud /$rHenri Béhar --$tDu Dé d'AA: ceci n'est pas une pensée d'Antonin Artaud /$rStamos Metzidakis --$t(Anti)lyrisme d'Artaud? De l'"ancien souffle lyrique" au souffle de la "révolte contre la poésie" /$rAnne Tomiche --$tLa "poésie vraie" d' Artaud /$rJean-Luc Steinmetz --$tArtaud et van Gogh: variations sur l'entre-deux-morts /$rMyriam Boucharenc --$t"L'ÉvidAnt": écriture et dessin chez Antonin Artaud /$rGiorgia Bongiorno --$tL'Impossible témoin. Prevel avec Artaud /$rLaurent Dubreuil --$tArtaud/Bataille ou la poésie au présent /$rMarie-Christine Lala --$tActualité poétique d'Antonin Artaud /$rBéatrice Bonhomme --$tEntre délaissement et radicalisation: les utilisations d'Artaud par Foucault et Deleuze /$rDiogo Sardinha --$tArtaud théâtralisé. Dessins et portaits dans les discours contemporains /$rMartine Antle --$t"Cette sacro-sainte N.R.F." /$rGuy Dureau.
=600  10$aArtaud, Antonin,$d1896-1948$vCongresses.
=700  1\$aPenot-Lacassagne, Olivier.
=830  \0$aRevue des lettres modernes ;$vno. 2001-2006.
=830  \0$aRevue des lettres modernes.$pAntonin Artaud ;$v3.
=936  \\$aPR 495311728
=951  \\$105$aFSU01:002834321;$5FTaSU
=951  \\$108$aUFU01:004930474;$5FU

