=LDR  01064ncm a2200265M  4500
=001  027239344
=005  20120623040200.0
=008  890501q19001984gw\ctd\\\\\\\\\n\|\\ger\u
=028  20$aPl. no. J.S.B.I. 208.
=035  \\$a(OCoLC)21514275
=040  \\$cJRK$dm.c.$dFDA
=092  \\$aM782.82$bB118c208, Br
=100  1\$aBach, Johann Sebastian,$d1685-1750.
=240  10$aCantata no.208. Was mir behagt.$sVocal score.$lGerman
=245  10$aKantate Nr. 208, zum Geburtstage des Herzogs Christian zu Sachsen-Weissenfels :$bWas mir behagt, ist nur die muntre Jagd, BWV 208. [Jagdkantate].
=260  \\$aWiesbaden :$bBreitkopf & Härtel,$c[19--]
=300  \\$a1 vocal score (46 p.) ;$c27 cm.
=490  0\$aEdition Breitkopf ; Nr. 7208$5FTaSU
=490  0\$aJoh. Seb. Bachs Werke$5FTaSU
=500  \\$aCaption title.$5FTaSU
=500  \\$aFor SSTB soll and SATB chorus.$5FTaSU
=650  \0$aCantatas, Secular$yTo 1800$vVocal scores with piano..
=650  \0$aCantatas, Secular$yTo 1800$vVocal scores with piano..
=740  0\$aWas mir behagt.
=951  \\$105$aFSU01:001243253;$5FTaSU

