=LDR  02337cam a2200385Ia 4500
=001  027271432
=005  20150303104413.0
=006  m\\\\\\\\d\f\\\\\\
=007  cr\bn|
=008  110602s1949\\\\enk\\\\\oz\\\f000\0\eng\d
=035  \\$a(OCoLC)728104402
=037  \\$a08-461$bLLMC
=040  \\$aLLMC2$cLLMC2$dLLMC2
=043  \\$ae-uk---$af-ua---
=110  1\$aEgypt.
=240  10$aTreaties, etc.$gGreat Britain,$d1949 March 31
=245  10$aFinancial agreement between the government of the United Kingdom of Great Britain and Northern Ireland and the Egyptian Government$h[electronic resource] :$b(with exchanges of letters) : Cairo, 31st March, 1949.
=260  \\$aLondon :$bH.M.S.O.,$c1949.
=300  \\$a1 online resource (17 p.).
=490  1\$aTreaty series ;$vno. 25 (1949)$5FTaFA
=490  1\$aCmd. ;$v7675$5FTaFA
=490  0\$aLaw Library Microform Consortium - Digital$5FTaFA
=500  \\$aTitle from PDF t.p. (LLMC Digital, viewed on June 2, 2011).$5FTaFA
=500  \\$a"Presented by the Secretary of State for Foreign Affairs to Parliament by command of His Majesty."$5FTaFA
=500  \\$aAccess restricted to college of law students, faculty and staff.$5FTaFA
=650  \0$aForeign exchange$zGreat Britain$vTreaties.
=650  \0$aForeign exchange$zEgypt$vTreaties.
=776  08$iPrint version:$aEgypt.$sTreaties, etc. Great Britain, 1949 March 31.$tFinancial Agreement between the Government of the United Kingdom of Great Britain ... and the Egyptian Government ...$dLondon, H.M. Stat. Off., 1949$w(OCoLC)26686223
=810  1\$aGreat Britain.$tTreaties, etc. (Treaty series) ;$v1949, no. 25.
=830  \0$aCmd. (Great Britain. Parliament) ;$v7675.
=856  40$uhttp://famuproxy.fcla.edu/login?url=http://www.llmcdigital.org/default.aspx?redir=08461$zAccess limited to FAMU College of Law faculty, staff and students.$5FTaFA
=856  40$uhttp://www.llmcdigital.org/default.aspx?redir=08461$yUF: Off-campus access limited to current UF students & employees$5FU
=856  40$uhttps://proxy.lib.fsu.edu/login?url=http://www.llmcdigital.org/default.aspx?redir=08461$yFSU: Off-campus access limited to current FSU students & employees$5FTaSU
=856  40$uhttp://ezproxy.fiu.edu/login?url=http://www.llmcdigital.org/default.aspx?redir=08461$yFIU users: view content here$5FMFIU
=951  \\$101$aAMU01:001333641;$5FTaFA

