=LDR  01580nam a2200349Ia 4500
=001  027302465
=005  20110404141954.0
=008  850524s1984\\\\flua\\\\\b\\\s000|0\eng\d
=035  \\$a(OCoLC)12077444
=040  \\$aUMC$cUMC
=090  \\$aGC521$b.F52 vol. 7, pt. 1
=099  \\$aFla-Doc NR/MRL3. M35 v.7,pt.1
=100  1\$aMiller, John E.
=245  10$aHolothurians (Echinodermata, Holothuroidea) /$cby John E. Miller and David L. Pawson.
=260  \\$aSt. Petersburg, Fla. :$bFlorida Dept. of Natural Resources Marine Research Laboratory,$c1984.
=300  \\$a79 p. :$bill. ;$c28 cm.
=490  0\$aMemoirs of the Hourglass cruises ;$vv. 7, pt. 1$5FTaSU
=490  1\$aContribution - Smithsonian Institution-Harbor Branch Foundation, Inc. Scientific Laboratories, Ft. Pierce, Fla. ;$vno. 260$5FTaSU
=490  1\$aMemoirs of the Hourglass cruises,$x0085-0683 ;$vv. 7, pt. 1 (January 1984)$5FJUNF
=500  \\$a"January 1984."$5FTaSU
=500  \\$aCaption title.$5FTaSU$5FJUNF
=504  \\$aBibliography: p. 71-79.
=650  \0$aSea cucumbers$zFlorida.
=650  \0$aEchinodermata$zFlorida.
=650  \0$aSea cucumbers$zMexico, Gulf of.
=700  1\$aPawson, David L.$q(David Leo),$d1938-
=710  1\$aFlorida.$bMarine Research Laboratory.
=810  1\$aFlorida.$bSmithsonian Institution-Harbor Branch Foundation, Inc.$tContribution - Harbor Branch Foundation, Ft. Pierce, Fla. ;$vno. 260
=830  \0$aMemoirs of the Hourglass cruises,$x0085-0683 ;$vv. 7, pt. 1.
=098  97$aNR.E2:M35/7/1
=951  \\$105$aFSU01:001749838;$5FTaSU
=951  \\$109$aNFU01:000451400;$5FJUNF

