=LDR  01590nam a22003373u 4500
=001  027330131
=005  20120302095749.0
=006  m\\\\\\\\d\\\\\\\\
=007  cr\\n
=008  120221s2012\\\\gw\\\\\\o\\\\\000\0\eng\d
=020  \\$a9783642282935 (electronic bk.)
=035  4\$a(YBPUID)7444979
=040  \\$aNhCcYBP$cNhCcYBP
=050  \4$aQA76.9.A73
=111  2\$aARCS (Conference)$n(25th :$d2012 :$cMunich, Germany).
=245  00$aArchitecture of computing systems - ARCS 2012$h[electronic resource] :$b25th International Conference, Munich, Germany, February 28-March 2, 2012 : proceedings.
=260  \\$aHeidelberg ;$aNew York :$bSpringer,$cc2012.
=300  \\$a1 online resource.
=490  1\$aLecture notes in computer science ;$v7179$5FMFIU
=490  1\$aLNCS sublibrary: SL 1, Theoretical computer science and general issues$5FMFIU
=599  \\$a(NhCcYBP) 40020241548
=533  \\$aElectronic reproduction.$bNew York$nAvailable via World Wide Web.$5FMFIU
=588  \\$aDescription based on online resource; title from digital title page (viewed on Feb. 21, 2012).
=650  \0$aComputer architecture$vCongresses.
=650  \0$aEmbedded computer systems$vCongresses.
=655  \0$aElectronic books.
=710  2\$aSpringerLink (Online service)$pComputer Science 2012.
=830  \0$aLecture notes in computer science ;$v7179.
=830  \0$aLNCS sublibrary.$nSL 1,$pTheoretical computer science and general issues.
=856  40$uhttp://ezproxy.fiu.edu/login?url=http://dx.doi.org/10.1007/978-3-642-28293-5$5FMFIU$yFIU users: view content here
=951  \\$104$aFIU01:001838269;$5FMFIU

