=LDR  02073cam a2200421 a 4500
=001  027363436
=005  20130923174609.0
=006  m\\\\\\\\d\\\\\\\\
=007  cr\un\\\\uuuua
=008  970213s1997\\\\nyu\\\\\sb\\\\001\0\eng\d
=020  \\$a9780805717686 (electronic book)
=020  \\$z9780805745139 (alk. paper)
=020  \\$z0805745130 (alk. paper)
=035  \\$a(MiFhGG)GVRL3ESW
=035  \\$a(OCoLC)300721668
=040  \\$aMiFhGG$cMiFhGG
=050  00$aPR4169
=082  00$a823/.8$221
=100  1\$aHoeveler, Diane Long.
=245  10$aCharlotte Bronte$h[electronic resource] /$cDiane Long Hoeveler and Lisa Jadwin.
=260  \\$aNew York :$bTwayne Publishers,$c1997.
=300  \\$a1 online resource (xii, 189 p.).
=490  1\$aTwayne's English authors series ;$vTEAS 541
=490  0\$aGale virtual reference library
=500  \\$aDescription based on print version record.$5FMFIU
=504  \\$aIncludes bibliographical references and index.
=520  \\$aProvides in-depth analysis of the life, works, career, and critical importance of Charlotte Bronte.
=600  10$aBronte, Charlotte,$d1816-1855$xCriticism and interpretation.
=650  \0$aWomen and literature$zEngland$xHistory$y19th century.
=655  \0$aElectronic books.
=700  1\$aJadwin, Lisa.
=710  2\$aGale Group.
=776  1\$cOriginal$z0805745130$w(DLC) 97007226
=830  \0$aTwayne's English authors series ;$vTEAS 541.
=856  40$uhttp://ezproxy.fiu.edu/login?url=http://find.galegroup.com/openurl/openurl?url_ver=Z39.88-2004&url_ctx_fmt=info:ofi/fmt:kev:mtx:ctx&req_dat=info:sid/gale:ugnid:miam11506&res_id=info:sid/gale:GVRL&ctx_enc=info:ofi:enc:UTF-8&rft_val_fmt=info:ofi/fmt:kev:mtx:book&rft_id=info:sid/gale:bmcode:recid/3ESW$yFIU users: view content here$5FMFIU
=856  40$uhttp://ezproxy.fgcu.edu/login?url=http://go.galegroup.com/ps/i.do?id=GALE%7C9780805717686&v=2.1&u=gale15690&it=etoc&p=G-Twayne&sw=w$yRead this e-book$zFGCU: Off-campus access limited to current FGCU students and employees.$5FFmFGC
=912  \\$a3ESW
=951  \\$104$aFIU01:001839617;$5FMFIU

