=LDR  02752cem a2200529Ia 4500
=001  027368672
=005  20120623071600.0
=007  aj\aanzn
=008  920707s1992\\\\vaub\\\bd\b\\f\\1|\\eng\d
=034  1\$aa$b2000000
=034  1\$aa$b1223000
=035  \\$a(OCoLC)26141928
=040  \\$aGIS$cGIS$dGPO$dOCL$dSPI$dOCL
=052  \\$a3182$bE5
=052  \\$a3182$bS3
=074  \\$a0619-G-08
=086  0\$aI 19.91:I-2156
=110  2\$aGeological Survey (U.S.)
=245  10$aPictorial map of Enceladus ; Controlled photomosaic of Enceladus /$cU.S. Department of the Interior, U.S. Geological Survey ; prepared for the National Aeronautics and Space Administration.
=255  \\$aScale 1:2,000,000 (1 mm = 2 km) at 0° lat ;$bMercator proj.
=255  \\$aScale 1:2,000,000 (1 mm. = 2 km.) at 0 lat ;$bMercator proj.
=255  \\$aScale 1:1,223,000 (1 mm = 2 km) at 90 lat ;$bpolar stereographic proj.
=260  \\$a<Reston, Va.> :$bThe Survey,$c1992.
=300  \\$a4 maps on 2 sheets ;$c27 cm. diam. and 31 x 79 cm., sheets 79 x 87 cm. and 82 x 87 cm., folded in envelope 30 x 24 cm.
=490  1\$aI ;$v2156$5FTaSU$5FU$5FTS$5FBoU
=490  1\$aAtlas of the Saturnian satellites. 1:2,000,000 topographic series$5FTaSU$5FU$5FTS$5FBoU
=500  \\$a"Prepared on behalf of the Planetary Geology Program, Solar System Exploration Division, Office of Space Science, National Aeronautics and Space Administration, under contract W-15.814."$5FTaSU$5FU$5FTS$5FBoU
=500  \\$aTitle on envelope: Pictorial map and controlled photomosaic of Enceladus.$5FTaSU$5FU$5FTS$5FBoU
=500  \\$aIncludes notes and index maps.$5FTaSU
=500  \\$aIncludes notes, bibliography, and index maps.$5FU$5FTS$5FBoU
=500  \\$aRelief shown by shading.$5FTaSU$5FU$5FTS$5FBoU
=500  \\$aCoordinates shown as: W 180 --E 180 /N 57 --S -57 .$5FTaSU$5FU$5FTS$5FBoU
=504  \\$aAlso includes bibliographical references.
=650  \0$aSatellites$zSaturn (Planet)$vMaps.
=650  \0$aSatellites$zSaturn$xMaps.
=651  \0$aSaturn (Planet)$xSatellites$vMaps.
=710  1\$aUnited States.$bNational Aeronautics and Space Administration.
=710  2\$aPlanetary Geology Program (U.S.)
=740  0\$aControlled photomosaic of Enceladus.
=740  0\$aPictorial map and controlled photomosaic of Enceladus.
=810  2\$aGeological Survey (U.S.).$tAtlas of Saturnian satellites.$p1:2,000,000 topographic series.
=830  \0$aMiscellaneous investigations series (Geological Survey (U.S.)) ;$vmap I-2156.
=830  \0$aMiscellaneous investigations series (Geological Survey (U.S.)) ;$vI-2156.
=951  \\$102$aFAU01:000464342;$5FBoU
=951  \\$105$aFSU01:001752633;$5FTaSU
=951  \\$110$aSFU01:000891653;$5FTS
=951  \\$108$aUFU01:001747683;$5FU

