=LDR  01749cam a2200349 a 4500
=001  027374791
=005  20130920141136.0
=006  m\\\\\\\\d\\\\\\\\
=007  cr\un\\\\uuuua
=008  080418s1991\\\\mau\\\\\s\\\\\000\0\eng\d
=020  \\$a9780805738483 (electronic book)
=020  \\$a9780805770032
=020  \\$a0805770038
=035  \\$a(MiFhGG)GVRL5PKK
=035  \\$a(OCoLC)496521127
=040  \\$aMiFhGG$cMiFhGG
=100  1\$aHunt, Peter.
=245  10$aArthur Ransome$h[electronic resource] /$cPeter Hunt.
=260  \\$aBoston, Mass. :$bTwayne Publishers,$c1991.
=490  0\$aTwayne's English Authors Series, 484
=490  0\$aGale virtual reference library
=520  \\$aProvides in-depth analysis of the life, works, career, and critical importance of Arthur Ransome.
=534  \\$pOriginal:$e170 p.
=600  10$aRansome, Arthur,$d1884-1967$xCriticism and interpretation.
=650  \0$aChildren$xBooks and reading$zGreat Britain$xHistory$y20th century.
=650  \0$aChildren's stories, English$xHistory and criticism.
=655  \0$aElectronic books.
=710  2\$aGale Group.
=856  40$uhttp://ezproxy.fiu.edu/login?url=http://find.galegroup.com/openurl/openurl?url_ver=Z39.88-2004&url_ctx_fmt=info:ofi/fmt:kev:mtx:ctx&req_dat=info:sid/gale:ugnid:miam11506&res_id=info:sid/gale:GVRL&ctx_enc=info:ofi:enc:UTF-8&rft_val_fmt=info:ofi/fmt:kev:mtx:book&rft_id=info:sid/gale:bmcode:recid/5PKK$yFIU users: view content here$5FMFIU
=856  40$uhttp://ezproxy.fgcu.edu/login?url=http://go.galegroup.com/ps/i.do?id=GALE%7C9780805738483&v=2.1&u=gale15690&it=etoc&p=G-Twayne&sw=w$yRead this e-book.$zFGCU: Off-campus access limited to current FGCU students and employees.$5FFmFGC
=912  \\$a5PKK
=951  \\$104$aFIU01:001840026;$5FMFIU

