=LDR  01545cam a2200301 a 4500
=001  027380950
=005  20130923173122.0
=006  m\\\\\\\\d\\\\\\\\
=007  cr\un\\\\uuuua
=008  080418s1968\\\\nyu\\\\\s\\\\\000\0\eng\d
=020  \\$a9780805748918 (electronic book)
=035  \\$a(MiFhGG)GVRL5PNK
=035  \\$a(OCoLC)607618965
=040  \\$aMiFhGG$cMiFhGG
=100  1\$aWhite, Ray Lewis.
=245  10$aGore Vidal$h[electronic resource] /$cRay Lewis White.
=260  \\$aNew York, N.Y. :$bTwayne Publishers,$c1968.
=490  0\$aTwayne's United States Authors Series, 135
=490  0\$aGale virtual reference library
=520  \\$aProvides in-depth analysis of the life, works, career, and critical importance of Gore Vidal.
=534  \\$pOriginal:$e157 p.
=600  10$aVidal, Gore,$d1925-2012$xCriticism and interpretation.
=655  \0$aElectronic books.
=710  2\$aGale Group.
=856  40$uhttp://ezproxy.fiu.edu/login?url=http://find.galegroup.com/openurl/openurl?url_ver=Z39.88-2004&url_ctx_fmt=info:ofi/fmt:kev:mtx:ctx&req_dat=info:sid/gale:ugnid:miam11506&res_id=info:sid/gale:GVRL&ctx_enc=info:ofi:enc:UTF-8&rft_val_fmt=info:ofi/fmt:kev:mtx:book&rft_id=info:sid/gale:bmcode:recid/5PNK$yFIU users: view content here$5FMFIU
=856  40$uhttp://ezproxy.fgcu.edu/login?url=http://go.galegroup.com/ps/i.do?id=GALE%7C9780805748918&v=2.1&u=gale15690&it=etoc&p=G-Twayne&sw=w$yRead this e-book$zFGCU: Off-campus access limited to current FGCU students and employees.$5FFmFGC
=912  \\$a5PNK
=951  \\$104$aFIU01:001840253;$5FMFIU

