=LDR  01490cam a2200289 a 4500
=001  027385868
=005  20130923173828.0
=006  m\\\\\\\\d\\\\\\\\
=007  cr\un\\\\uuuua
=008  080418s1971\\\\nyu\\\\\s\\\\\000\0\eng\d
=020  \\$a9780805718720 (electronic book)
=035  \\$a(MiFhGG)GVRL5PQB
=035  \\$a(OCoLC)567988367
=040  \\$aMiFhGG$cMiFhGG
=245  00$aMarguerite Duras$h[electronic resource].
=260  \\$aNew York, N.Y. :$bTwayne Publishers,$c1971.
=490  0\$aTwayne's World Authors Series, 147
=490  0\$aGale virtual reference library
=520  \\$aProvides in-depth analysis of the life, works, career, and critical importance of Marguerite Duras.
=534  \\$pOriginal:$e171 p.
=600  10$aDuras, Marguerite$xCriticism and interpretation.
=655  \0$aElectronic books.
=710  2\$aGale Group.
=856  40$uhttp://ezproxy.fiu.edu/login?url=http://find.galegroup.com/openurl/openurl?url_ver=Z39.88-2004&url_ctx_fmt=info:ofi/fmt:kev:mtx:ctx&req_dat=info:sid/gale:ugnid:miam11506&res_id=info:sid/gale:GVRL&ctx_enc=info:ofi:enc:UTF-8&rft_val_fmt=info:ofi/fmt:kev:mtx:book&rft_id=info:sid/gale:bmcode:recid/5PQB$yFIU users: view content here$5FMFIU
=856  40$uhttp://ezproxy.fgcu.edu/login?url=http://go.galegroup.com/ps/i.do?id=GALE%7C9780805718720&v=2.1&u=gale15690&it=etoc&p=G-Twayne&sw=w$yRead this e-book$zFGCU: Off-campus access limited to current FGCU students and employees.$5FFmFGC
=912  \\$a5PQB
=951  \\$104$aFIU01:001840447;$5FMFIU

