=LDR  02125nam a2200409 a 4500
=001  027401083
=005  20130327184822.0
=006  m\\\\f\\\d\i\\\\\\
=007  cr\bn\nnnauuuu
=008  120107s2011\\\\sz\\\\\\o\\\\\000\0\eng\d
=035  \\$accn00344968
=049  \\$aFSU-L
=049  \\$aUF-L
=050  \4$aKZ5615.C55$bK56 2011
=100  1\$aKing, John H.
=245  10$aTransforming the Conference on Disarmament$h[electronic resource] :$bmultilateral arms control and disarmament for a pluralistic world /$cJohn H. King.
=246  30$aMultilateral arms control and disarmament for a pluralistic world
=246  1\$iAt head of title:$aTransforming the CD
=260  3\$a[Geneva] :$bUnited Nations Institute for Disarmament Research,$c[2011]
=264  \1$a[Buffalo, NY] :$bWilliam S. Hein & Co.,$c2012.
=300  \\$a1 online resource (p.).
=490  1\$aHeinOnline United Nations law collection
=490  1\$aCD discussion series
=588  \\$aDescription based on PDF title page, viewed January 7, 2012.
=500  \\$a"April 2011."
=500  \\$a"UNIDIR resources : ideas for peace and security."
=611  20$aConference on Disarmament (United Nations)$xHistory.
=650  10$aDisarmament$xCongresses$xHistory.
=655  \7$aElectronic books.$2lcgft
=710  2\$aUnited Nations Institute for Disarmament Research.
=830  \0$aUnited Nations law collection.
=830  \0$aConference on Disarmament discussion series.
=856  40$uhttps://login.proxy.lib.fsu.edu/login?url=http://www.heinonline.org/HOL/Page?handle=hein.unl/unaadv0001&id=1&collection=unl&index=unl$3HeinOnline United Nations Law Collection$yFSU: Off-campus access limited to current FSU students & employees.$5FTaSU
=856  40$uhttp://www.heinonline.org/HOL/Page?handle=hein.unl/unaadv0001&id=1&collection=unl&index=unl$3HeinOnline United Nations Law Collection$yUF: Off-campus access limited to current UF students & employees$5FU
=949  \\$aKZ 5615 .C55 K56 2011$wLC$c1$i344968-2001$d1/23/2012$lMAIN$mHEN$q2$rY$sY$tWEB$u1/18/2012$xENG
=997  \\$a(c)2012 Cassidy Cataloguing Services, Inc.
=951  \\$105$aFSU01:003265362;$5FTaSU

