=LDR  02637cam a2200457 a 4500
=001  027420828
=005  20130613180815.0
=006  m\\\\f\\\d\\\\\\\\
=007  cr\|n|||||||||
=008  111117s1904\\\\pau\\\\\o\\\\\100\0\eng\d
=035  \\$accn00341906
=043  \\$an-us-sd
=049  \\$aFSU-L
=049  \\$aUF-L
=049  \\$aFIU-L
=050  \4$aKF8228.D1$bG37 1904
=100  1\$aGarrett, Philip C.$q(Philip Cresson),$d1834-1905.
=245  10$aAnother century of dishonor$h[electronic resource] /$cPhilip C. Garrett.
=260  3\$aPhiladelphia, Pa. :$bIndian Rights Association,$c1904.
=264  \1$a[Buffalo, NY] :$bWilliam S. Hein & Co.,$c[2011]
=300  \\$a1 online resource (23 p.).
=490  1\$a[Publications / Indian Rights Association.] Second series ;$vno. 68
=490  1\$aHeinOnline American Indian law collection
=588  \\$aDescription based on PDF title page, viewed Nov. 2, 2011.
=500  \\$aCaption title.
=505  00$tIndian lands and fair play /$rby George Kennan --$tRosebud Indians of South Dakota, memorial of the Indian Rights Association --$tTaking Indians' lands, dealing of Congress with the Rosebud Sioux /$r(signed: F.E.L.).
=650  10$aIndians of North America$zSouth Dakota$xGovernment relations.
=650  \0$aDakota Indians$xGovernment relations.
=651  \0$aRosebud Indian Reservation (S.D.)
=655  \7$aElectronic books.$2lcgft
=700  1\$aKennan, George,$d1845-1924.
=710  2\$aIndian Rights Association.
=776  08$cOriginal$w(DLC) 09021955
=830  \0$aPublications (Indian Rights Association).$n2nd ser. ;$vno. 68.
=830  \0$aAmerican Indian law collection.
=856  40$uhttps://login.proxy.lib.fsu.edu/login?url=http://www.heinonline.org/HOL/Page?handle=hein.amindian/ancendi0001&id=1&collection=amindian&index=alpha/A_amindian$3HeinOnline American Indian Law Collection$yFSU: Off-campus access limited to current FSU students & employees.$5FTaSU
=856  40$uhttp://www.heinonline.org/HOL/Page?handle=hein.amindian/ancendi0001&id=1&collection=amindian&index=alpha/A_amindian$3HeinOnline American Indian Law Collection$yUF: Off-campus access limited to current UF students & employees$5FU
=856  40$uhttp://ezproxy.fiu.edu/login?url=http://www.heinonline.org/HOL/Page?handle=hein.amindian/ancendi0001&id=1&collection=amindian&index=alpha/A_amindian$3HeinOnline American Indian Law Collection$5FMFIU$yFIU users: view content here
=949  \\$aKF 8228 .D1 G37 1904$wLC$c1$i341906-2001$d4/26/2012$lMAIN$mHEN$q4$rY$sY$tWEB$u11/17/2011$xENG$zN-US-SD
=997  \\$a(c)2011 Cassidy Cataloguing Services, Inc.
=951  \\$105$aFSU01:003266596;$5FTaSU

