=LDR  02769nam a2200541 ia45c0
=005  20150317164136.0
=006  m\\\\fo\\d\\\\\\\\
=007  cr\bn\nnnauuuu
=008  120422r19681837nyu\\\\\o\\\\\001\0\eng\d
=035  \\$accn00351024
=040  \\$erda
=043  \\$an-us---
=049  \\$aFSU-L
=049  \\$aUF-L
=049  \\$aFAMU-L
=050  \4$aKF4545.S5$bW54 1968
=100  1\$aWheeler, Jacob D.,$eauthor.
=245  12$aA practical treatise on the law of slavery :$bbeing a compilation of all the decisions made on that subject in the several courts of the United States and state courts, with copious notes and references to the statutes and other authorities, systematically arranged /$cby Jacob D. Wheeler.
=246  17$aSlavery
=264  \1$aNew York :$bNegro Universities Press,$c1968.
=264  \2$a[Buffalo, NY] :$bWilliam S. Hein & Co.,$c[2012]
=300  \\$a1 online resource (xviii, 476 pages).
=336  \\$atext$2rdacontent
=337  \\$acomputer$2rdamedia
=338  \\$aonline resource$2rdacarrier
=490  1\$aHeinOnline core collection
=490  1\$aHeinOnline legal classics library
=490  1\$aHeinOnline U.S. Supreme Court library
=588  \\$aDescription based on print version record.
=500  \\$a"Originally published in 1837 by Allan Pollock, Jr."--T.p. verso.
=500  \\$aTable of cases: p. [v]-xviii.
=500  \\$aIncludes index.
=590  9\$aupd$b20150317
=650  10$aSlavery$xLaw and legislation$zUnited States.
=650  \0$aSlaves$xLegal status, laws, etc.$zUnited States.
=655  \0$aElectronic books.
=776  08$cOriginal$w(DLC) 68058073
=830  \0$aCore collection.
=830  \0$aLegal classics library.
=830  \0$aU.S. Supreme Court library.
=852  8\$aFTaSU-L$bFSLAW$cELEC
=852  \\$aFU-L$bUFER$cLAW
=852  8\$aFlOrFAM$bAMLAW$cLAEL$hOnline
=856  40$uhttps://login.proxy.lib.fsu.edu/login?url=http://www.heinonline.org/HOL/Page?handle=hein.beal/ptlsbei0001&id=1&collection=beal&index=alpha/P_beal$3HeinOnline Legal Classics Library$yFSU: Off-campus access limited to current FSU students & employees$5FTaSU
=856  40$uhttp://www.heinonline.org/HOL/Page?handle=hein.beal/ptlsbei0001&id=1&collection=beal&index=alpha/P_beal$3HeinOnline Legal Classics Library$yUF: Off-campus access limited to current UF students & employees$5FU
=856  40$uhttp://ezproxy.amu.edu/login?url=http://www.heinonline.org/HOL/Page?handle=hein.beal/ptlsbei0001&id=1&collection=beal&index=alpha/P_beal$3HeinOnline Legal Classics Library$yFAMU: Off-campus access limited to current FSU students & employees$5FTaFA
=949  \\$aKF 4545 .S5 W54 1968$wLC$c1$i351024-2001$d10/15/2014$lMAIN$mHEN$q2$rY$sY$tWEB$u4/23/2012$xENG$zN-US
=997  \\$a(c)2012 Cassidy Cataloguing Services, Inc.

