=LDR  01336cam a2200313 i 4500
=001  027462283
=005  20130807132900.0
=008  780308s1976\\\\nz\a\\\\\\\\\o001|0\engm\
=010  \\$a   77371503 //r893
=015  \\$aNZ***
=035  \\$a(OCoLC)03129261
=040  \\$aDLC$cDLC$dFUG
=043  \\$au-nz---
=050  00$aSB613.N45$bP37
=082  00$a582/.13/09931
=090  \\$aQ180.N4$bA33 no.112
=100  1\$aParham, B. E. V.
=245  10$aCommon weeds in New Zealand :$ban illustrated guide to their identification /$cby B. E. V. Parham and A. J. Healy ; photos. by J. Somers Cocks.
=260  \\$aWellington :$bA. R. Shearer, Govt. Printer,$c1976.
=300  \\$a172 p. :$bill. ;$c25 cm.
=490  0\$aInformation series - New Zealand Department of Scientific and Industrial Research ; no. 112$x0077-9636$5FTaSU
=490  1\$aInformation series - New Zealand Department of Scientific and Industrial Research ;$vno. 112$x0077-9636$5FU
=500  \\$aIncludes index.$5FU$5FTaSU
=650  \0$aWeeds$zNew Zealand$xIdentification.
=700  1\$aHealy, A. J.$q(Arthur John),$d1917-$ejoint author.
=700  1\$aHealy, A. J.$q(Arthur John),$d1917-2011.
=830  \0$aInformation series (New Zealand. Department of Scientific and Industrial Research) ;$vno. 112.
=951  \\$105$aFSU01:000325265;$5FTaSU
=951  \\$108$aUFU01:002259437;$5FU

