=LDR  01504nam a2200325Ka 4500
=001  027495218
=005  20120623074500.0
=008  020821s2000\\\\mau\\\\\b\\\\f000|0\eng\d
=035  \\$a(MARCIVE)tmp97199346
=035  \\$a(OCoLC)50444481
=037  \\$aED 454631$bERIC
=040  \\$aGPO$cGPO$dMvI
=074  \\$a0466-A-03 (MF)
=086  0\$aED 1.310/2:454631
=100  1\$aDenton, Carolyn A.
=245  10$a"Word identification" from teaching students with disabilities to read$h[microform] /$cby Carolyn A. Denton and Jan E. Hasbrouck ; prepared by the PEER Project (Parents Engaged in Education Reform).
=260  \\$aBoston, MA :$bFederation for Children with Special Needs ;$a[Washington, DC] :$bU.S. Dept. of Education, Office of Educational Research and Improvement, Educational Resources Information Center,$c[2000]
=300  \\$a1 v.
=490  0\$aPEER literacy resource brief ;$v# 3$5FFmFGC$5FU$5FTaFA
=490  0\$aPEER Project literacy series$5FFmFGC$5FU$5FTaFA
=500  \\$aShipping list no.: 2002-0194-M.$5FFmFGC$5FU$5FTaFA
=533  \\$aMicrofiche.$b[Washington, D.C.] :$cSupt. of Docs., U.S. G.P.O.,$d[2001]$e1 microfiche.$5FFmFGC$5FU$5FTaFA
=650  \0$aChildren with disabilities$xEducation.
=650  \0$aWord recognition.
=650  \0$aReading$xParent participation.
=700  1\$aHasbrouck, Jan E.
=710  2\$aEducational Resources Information Center (U.S.)
=951  \\$101$aAMU01:000469907;$5FTaFA
=951  \\$103$aGCU01:000261973;$5FFmFGC
=951  \\$108$aUFU01:002865140;$5FU

