=LDR  01263cam a2200313Ia 4500
=001  027529424
=005  20110930132333.0
=008  751112s1889\\\\dcub\\\\\\\\\f000\0\eng\d
=035  \\$a(OCoLC)01829720
=040  \\$aTLM$cTLM$dOCL$dAGL$dOCLCQ$dIUL$dCZL$dUZ0$dBOH$dKRTAS$dFUG
=043  \\$an------
=050  \4$aQL696.P2$bB3 1889
=070  0\$a1$bB52b no.1
=072  \0$aL300
=082  04$a598.8
=086  0\$aA 5.3:1
=092  \\$a598.8
=099  \\$aA5.3:$a1
=100  1\$aBarrows, Walter Bradford,$d1855-1923.
=245  14$aThe English sparrow (Passer domesticus) in North America :$bespecially in its relations to agriculture /$cby Walter B. Barrows.
=260  \\$aWashington, D.C. :$bU.S. Dept. of Agriculture, Division of Economic Ornithology and Mammalogy,$c1889.
=300  \\$a405 p. :$bmap ;$c23 cm.
=490  0\$aU. S. Dept. of Agriculture. Division of Economic Ornithology and Mammalogy. ;$vBulletin 1$5FTaSU
=490  1\$aBulletin / U.S. Dept. of Agriculture. Division of Economic Ornithology and Mammalogy ;$vno. 1$5FU
=650  \0$aBird pests.
=650  \0$aHouse sparrow.
=830  \0$aBulletin (United States. Division of Economic Ornithology and Mammalogy) ;$vno. 1.
=951  \\$105$aFSU01:000749712;$5FTaSU
=951  \\$108$aUFU01:005460412;$5FU

