=LDR  00895nam a22002651  4500
=001  027563493
=005  20120623054900.0
=008  710318s1965\\\\enk\\\\\\\\\\\000|0\eng\\
=010  \\$a   68035219 
=035  \\$a(OCoLC)00450314
=040  \\$aDLC$cDLC$dm.c.
=043  \\$anw-----
=050  0\$aJV33.G7$bA5 no. 360
=082  0\$a320.9/729
=092  \\$a972.97$bG786p
=110  1\$aGreat Britain.$bColonial Office.
=245  10$aProposals for a federation of East Caribbean territories;$bdocuments published.
=260  \\$aLondon,$bH. M. Stationery Off.,$c1965.
=300  \\$a35 p.$c25 cm.
=490  0\$aColonial$vno. 360$5FTaSU
=490  1\$aGreat Britain. Colonial Office. Colonial no. 360$5FU
=651  \0$aWest Indies, British$xPolitics and government.
=830  \0$aColonial (Great Britain. Colonial Office) ;$vno. 360
=951  \\$105$aFSU01:001257492;$5FTaSU
=951  \\$108$aUFU01:000812468;$5FU

