=LDR  01611cam a2200337Ia 4500
=001  027581309
=005  20110907132640.0
=008  900731s1991\\\\caua\\\\\b\\\\101|0\eng\\
=010  \\$a   90001166 
=020  \\$a0201521490 (HB)
=020  \\$a0201521504 (PB)
=035  \\$a(OCoLC)22242538
=040  \\$aDLC$cDLC$dFTU
=050  00$aQH325$b.W67 1989
=072  \0$aX300$aP000
=082  00$a574.2/9$220
=111  2\$aWorkshop on Applied Molecular Evolution and the Maturation of the Immune Response$d(1989 :$cSanta Fe, N.M.)
=245  10$aMolecular evolution on rugged landscapes :$bproteins, RNA, and the immune system : the proceedings of the Workshop on Applied Molecular Evolution and the Maturation of the Immune Response, held March, 1989 in Santa Fe, New Mexico /$ceditors, Alan S. Perelson, Stuart A. Kauffman.
=260  \\$aRedwood City, Calif. :$bAddison-Wesley Pub. Co.,$c1991.
=300  \\$axviii, 309 p. :$bill. ;$c25 cm.
=490  1\$aProceedings volume / Santa Fe Institute studies in the sciences and complexity ;$v9$5FTS$5FOFT
=490  1\$aProceedings volume / Santa Fe Institute studies in the sciences of complexity ;$v9$5FTaSU
=504  \\$aIncludes bibliographical references and index.
=650  \0$aMolecular evolution$xCongresses.
=650  \0$aImmune system$xEvolution$xCongresses.
=700  1\$aPerelson, Alan S.,$d1947-
=700  1\$aKauffman, Stuart A.
=830  \0$aProceedings volume in the Santa Fe Institute studies in the sciences of complexity ;$vv. 9.
=951  \\$107$aCFU01:000381863;$5FOFT
=951  \\$105$aFSU01:001273079;$5FTaSU
=951  \\$110$aSFU01:000793679;$5FTS

