=LDR  01158cam a2200325   4500
=001  027610022
=005  20120623045400.0
=008  750306s1973\\\\onca\\\\\b\\\f000|0\engm\
=010  \\$a   75301560 
=015  \\$aC***
=019  \\$a3149759
=035  \\$a(OCoLC)01099129
=040  \\$aDLC$cDLC
=043  \\$an-cn-ab
=050  0\$aQE185$b.A2 no. 370$aQE697
=082  \\$a557.1/08 s$a551.7/92/0971233
=090  \\$aQE185$b.A2 no.370
=100  1\$aStalker, A. MacS.$q(Archibald MacSween),$d1924-
=245  10$aSurficial geology of the Drumheller area, Alberta,$cby A. MacS. Stalker.
=260  \\$a[Ottawa]$bDept. of Energy, Mines and Resources$c[1973]
=300  \\$a122 p.$bill.$c25 cm.
=490  0\$aGeological Survey of Canada. Memoir$v370$5FTaSU
=490  1\$aGeological Survey of Canada. Memoir 370$5FTS
=500  \\$aAbstract in French.$5FTS$5FTaSU
=500  \\$aPart of illustrative matter in pocket.$5FTS$5FTaSU
=504  \\$aBibliography: p. 99-101.
=650  \0$aGlacial epoch$zAlberta$zDrumheller Region.
=830  \0$aMemoir (Geological Survey of Canada) ;$vno. 370.
=951  \\$105$aFSU01:000326163;$5FTaSU
=951  \\$110$aSFU01:001275351;$5FTS

