=LDR  00795cam a2200217Ii 4500
=001  027636460
=005  20120307141329.0
=008  770328s1971\\\\gw\\\\\\\\\\\\000|0\eng\d
=035  \\$a(OCoLC)02843697
=040  \\$aIQU$cIQU$dFDA
=090  \\$aQH98$b.E7 Hft.5
=100  1\$aFogg, G. E.$q(Gordon Elliott),$d1919-
=245  10$aExtracellular products of algae in freshwater /$cG. E. Fogg.
=260  \\$aStuttgart :$bSchweizerbart,$c1971.
=300  \\$a25 p. ;$c25 cm.
=490  0\$aArchiv für Hydrobiologie ;$vBeiheft 5$5FTaSU
=490  0\$aErgebnisse der Limnologie ;$vHeft 5$5FTaSU
=500  \\$aIssued with Hofmann, W. Zur Taxonomie und Palökologie subfossiler Chironomiden (Dipt.) in Seesediminten.$5FTaSU
=504  \\$aBibliography: p. 20-25.
=650  \0$aAlgae.
=951  \\$105$aFSU01:000308342;$5FTaSU

