=LDR  01229nam a2200301Ia 4500
=001  027668032
=005  20120623045200.0
=008  900305s1989\\\\ja\ae\\\\b\\\\000|0\eng\d
=020  \\$a4900211281
=035  \\$a(OCoLC)21170304
=040  \\$aIQU$cIQU
=043  \\$an-us---
=090  \\$aNA7205$b.P47 1989
=100  1\$aPlummer, Henry,$d1946-
=245  14$aThe potential house :$bthree centuries of American dwelling /$cHenry Plummer.
=260  \\$aTokyo, Japan :$bA + U Pub. Co.,$cc1989.
=300  \\$a277 p. :$bcol. ill., plans ;$c29 cm.
=490  1\$aKenchiku to toshi = A+U, architecture and urbanism extra edition$5FMFIU
=490  1\$aKenchiku to toshi, Architecture and Urbanism, a+u, Extra Edition ;$v1989 September$5FU
=500  \\$a"A + U, Architecture and Urbanism, Extra Edition 1989-9"--Cover.$5FMFIU
=500  \\$aEnglish and Japanese; title also in Japanese.$5FMFIU
=500  \\$aText in Japanese and English.$5FU
=500  \\$aA+U E8909 on each page.$5FU
=504  \\$aIncludes bibliographical references (p. 12).
=650  \0$aArchitecture, Domestic$zUnited States.
=830  \0$aKenchiku to toshi.$pRinji zōkangō ;$v1989, September.
=951  \\$104$aFIU01:000784501;$5FMFIU
=951  \\$108$aUFU01:001759262;$5FU

