=LDR  00920nam a2200253Ii 4500
=001  027694556
=005  20120623043200.0
=008  770418r19751966xx\\\\\\b\\\\\001|0beng\\
=010  \\$a   75008655 
=035  \\$a(OCoLC)02897749
=040  \\$aDLC$cEMU$dFDA
=099  \\$aMif$a406$apt. 1$ano. 176
=100  1\$aThomas, Norman,$d1884-1968.
=245  04$aThe reminiscences of Norman M. Thomas.
=260  \\$a[Glen Rock, N.J. :$bMicrofilming Corp. of America],$cc1972.
=300  \\$a3 sheets (220 leaves) ;$c11 x 15 cm.
=490  0\$aColumbia University oral history collection ; pt. 1, [no. 176]$5FTaSU
=490  0\$aNew York times oral history program$5FTaSU
=500  \\$aMicrofiche of typescript.$5FTaSU
=500  \\$aTranscript of interviews conducted in 1965.$5FTaSU
=500  \\$aIncludes index.$5FTaSU
=650  \0$aSocialism$zUnited States.
=600  10$aThomas, Norman,$d1884-1968.
=951  \\$105$aFSU01:000311521;$5FTaSU

