=LDR  01003nam a2200277Ii 4500
=001  027719260
=005  20070821111033.0
=008  770428r19751956xx\\\\\\b\\\\\001|0beng\\
=010  \\$a   75005581 
=020  \\$a0884550702 :$c{dollar}4.00
=035  \\$a(OCoLC)02923269
=040  \\$aDLC$cEMU$dFDA
=099  \\$aMif$a406$apt. 2$ano. 62
=100  1\$aFadiman, Clifton,$d1904-1999.
=245  10$aBook-of-the-Month Club.
=260  \\$a[Glen Rock, N.J. :$bMicrofilming Corp. of America],$cc1975.
=300  \\$a1 sheet (45 leaves) ;$c11 x 15 cm.
=490  0\$aColumbia University oral history collection ; pt. 2, no. 62$5FTaSU
=490  0\$aNew York times oral history program$5FTaSU
=500  \\$aMicrofiche of typescript.$5FTaSU
=500  \\$aTranscript of an interview conducted by L. M. Starr in 1955.$5FTaSU
=500  \\$aIncludes index.$5FTaSU
=610  20$aBook-of-the-Month Club.
=600  10$aFadiman, Clifton,$d1904-1999.
=700  1\$aStarr, Louis Morris,$d1917-1980.
=951  \\$105$aFSU01:000312921;$5FTaSU

