=LDR  00936nam a2200241Ii 4500
=001  027745537
=005  20120623043600.0
=008  770509r19751964xx\\\\\\b\\\\\001|0bengm\
=035  \\$a(OCoLC)02950187
=040  \\$aDLC$cEMU$dEMU$dFDA
=099  \\$aMif$a406$apt. 2$ano. 83
=100  1\$aGross, Ernest A.
=245  10$aDag Hammarskjold as Secretary General :$brecollections /$cby Ernest Gross.
=260  \\$a[Glen Rock, N. J. :$bMicrofilming Corp. of America],$cc1975.
=300  \\$a2 sheets (101 leaves) ;$c11 x 15 cm.
=490  0\$aColumbia University oral history collection ; pt. 2, no. 83$5FTaSU
=490  0\$aNew York times oral history program$5FTaSU
=500  \\$aMicrofiche of typescript.$5FTaSU
=500  \\$aTranscript of interviews conducted by F. Rounds in 1962.$5FTaSU
=500  \\$aIncludes index.$5FTaSU
=600  10$aHammarskjöld, Dag,$d1905-1961.
=700  1\$aRounds, Frank,$d1915-1970.
=951  \\$105$aFSU01:000314278;$5FTaSU

