=LDR  01936cam a2200481Ia 4500
=001  027773899
=005  20120623062200.0
=008  920508s1992\\\\flua\\\\\b\\\s000\0\eng\d
=035  \\$a(OCoLC)25783754
=040  \\$aOLA$cOLA
=043  \\$an-us-fl
=090  \\$aGC57.2$b.F53 no.107
=099  \9$aREG 3:S 31/107
=245  00$aComposting and using by-products from blue crab and calico scallop processing plants in Florida /$cScott W. Andree ... [et al.]
=260  \\$a[Gainesville, Fla.] :$bUniversity of Florida, Florida Sea Grant College Program,$c[1992]
=300  \\$avii, 67 p. :$bill. ;$c28 cm.
=490  1\$aSGR ;$v107$5FU$5FTaSU$5FTS
=490  1\$a[Publication] ;$vSGR-107$5FPeU$5FJUNF
=500  \\$a"James C. Cato, editor."$5FU$5FTaSU$5FTS
=500  \\$a"March 1992."$5FU$5FPeU$5FJUNF$5FTaSU$5FTS
=500  \\$a"NOAA Grant Number NA89AA-D-SG053."$5FTaSU
=500  \\$a"Contract number SW29.$5FTaSU
=500  \\$a"Project numbers FDER-1 through FDER-7."$5FTaSU
=504  \\$aIncludes bibliographical references (p. 65-67).
=650  \0$aFishery processing industries$xWaste disposal.
=650  \0$aFishery processing industries$xBy-products.
=650  \0$aFishery processing$zFlorida.
=650  \0$aFishery processing industries$zFlorida$xBy-products.
=650  \0$aSeafood industry$zFlorida$xWaste disposal.
=650  \0$aSoil amendments.
=700  1\$aCato, James C.
=700  1\$aAndree, Scott.
=710  1\$aFlorida.$bDept. of Environmental Regulation.
=710  2\$aFlorida Sea Grant College.
=830  \0$aReport (Florida Sea Grant College) ;$vno. 107.
=830  \0$aReport (Florida Sea Grant College) ;$v107.
=830  \0$aFlorida Sea Grant Publication ;$vSGR-107.
=098  97$aREG3:S31/107
=951  \\$105$aFSU01:001307018;$5FTaSU
=951  \\$109$aNFU01:000350069;$5FJUNF
=951  \\$110$aSFU01:000886545;$5FTS
=951  \\$108$aUFU01:001750852;$5FU
=951  \\$111$aWFU01:000354568;$5FPeU

