=LDR  01060nam a2200265Ii 4500
=001  027795570
=005  20100803123832.0
=008  791128s1960\\\\sp\a\\\\\\\\\\000|0\spa\d
=035  \\$a(OCoLC)05739041
=040  \\$cCCH$dFDA
=090  \\$aPQ6388.E2$bA14 1960
=100  1\$aEncina, Juan del,$d1468-1529?
=245  10$aÉgloga de Plácida y Victoriano :$bprecedida de otras tres églogas introductorias. Edición, estudio y notas /$cpor E. Gimenez Caballero.
=250  \\$a4. ed. ilustrada.
=260  \\$aZaragoza :$bEditorial Ebro, s. l.,$c[c1960]
=300  \\$a125 p. :$bill. ;$c18 cm.
=490  1\$aBiblioteca clásica Ebro. Clásicos españoles ; 19$5FPeU
=490  1\$aBiblioteca clásica Ebro. Clásicos espanoles ; 19$5FTaSU
=500  \\$aAt head of title: Juan de la Encina.$5FPeU$5FTaSU
=700  1\$aGiménez Caballero, Ernesto,$d1899-
=700  1\$aGiménez Caballero, Ernesto,$d1899-1988.
=830  \0$aBiblioteca clàsica Ebro.
=830  \0$aBiblioteca clásica Ebro ;$v19.
=951  \\$105$aFSU01:000421001;$5FTaSU
=951  \\$111$aWFU01:000348401;$5FPeU

