=LDR  01374nam a2200289Ia 4500
=001  027815886
=005  20050805081422.0
=008  920114s1991\\\\fr\\\\\\\b\\\\100|0\fre\d
=020  \\$a2256908992 (pbk.) :$c115.00F
=035  \\$a(OCoLC)25105671
=040  \\$aYSM$cYSM
=090  \\$aPN3$b.R4 no. 1033-1038
=245  00$a"Corydon", "Si le grain ne meurt", "Les faux-monnayeurs" :$bregards intertextuels : actes du Colloque international organisé par l'Association des amis d'André Gide les 12, 13 et 14 janvier 1984 à Paris "André Gide en question: le contemporain capital (1923-1925)" /$ctextes réunis par Claude Martin.
=260  \\$aParis :$bLettres modernes,$c1991.
=300  \\$a158 p. ;$c19 cm.
=440  \3$aLa Revue des lettres modernes,$x0035-2136 ;$vno 1033-1038$5FU
=490  0\$aLa Revue des lettres modernes,$x0035-2136 ;$vno 1033-1038$5FTaSU
=490  1\$aAndré Gide,$x0180-9350 ;$v9$5FTaSU$5FU
=504  \\$aIncludes bibliographical references.
=600  10$aGide, André,$d1869-1951$xCriticism, Textual$xCongresses.
=700  1\$aMartin, Claude,$d1933-
=710  2\$aAssociation des amis d'André Gide.
=740  0\$aAndré Gide en question, le contemporain capital (1923-1925).
=740  0\$aRegards intertextuels.
=830  \0$aRevue des lettres modernes.$pAndré Gide ;$v9.
=951  \\$105$aFSU01:001271547;$5FTaSU
=951  \\$108$aUFU01:001810925;$5FU

