=LDR  01408cam a2200409 a 4500
=001  027842653
=005  20120623044400.0
=008  860605s1985\\\\ec\a\\\\\b\\\\000|0\spa\\
=010  \\$a   86168626 
=019  \\$a19390719
=035  \\$a(OCoLC)14398291
=040  \\$aDLC$cDLC$dUIU$dNLC$dOCLCQ
=043  \\$as-ec---
=045  \\$ax1x8
=050  00$aHC202$b.E243 1985
=082  00$a330.9866/074$219
=245  03$aLa Economía política del Ecuador :$bcampo, región, nación /$ceditor, Louis Lefeber.
=260  \\$aQuito :$bCorporación Editora Nacional,$c1985.
=300  \\$a460 p. :$bill. ;$c22 cm.
=490  1\$aBiblioteca de ciencias sociales ;$vv. 6$5FMFIU
=490  1\$aProyecto FLACSO-CERLAC ;$v1$5FMFIU
=504  \\$aIncludes bibliographies.
=651  \0$aEcuador$xEconomic policy.
=650  \0$aProduce trade$zEcuador.
=650  \0$aIndustries$zEcuador.
=650  \0$aLabor supply$zEcuador.
=650  \0$aBanana trade$zEcuador.
=651  \0$aEcuador$xForeign economic relations.
=651  \0$aEcuador$xCommerce.
=650  \0$aHandicraft$zEcuador.
=650  \0$aRural-urban migration$zEcuador.
=650  \0$aIndians of South America$xCommerce$zEcuador.
=700  1\$aLefeber, Louis.
=710  2\$aProyecto FLACSO-CERLAC.
=830  \0$aBiblioteca de ciencias sociales (Quito, Ecuador) ;$vv. 6.
=830  \0$aProyecto FLACSO-CERLAC (Series) ;$v1.
=951  \\$104$aFIU01:001275044;$5FMFIU

