=LDR  01424cam a2200421 a 4500
=001  027868298
=005  20070312114316.0
=008  810617s1982\\\\nyua\\\j\\\\\\000\1\eng\\
=010  \\$a   81011608 /AC
=019  \\$a8227943
=020  \\$a0688004202 :$c{dollar}5.95
=020  \\$a0688004210 (lib. bdg.) :$c{dollar}5.71
=035  \\$a(OCoLC)07574390
=040  \\$aDLC$cDLC$dFHU
=042  \\$alcac
=050  0\$aPZ7.G8823$bAl 1982
=050  00$aPZ7.G8823$bAl
=082  00$a[E]$219
=092  \\$aE$bG756a
=100  1\$aGriffith, Helen V.
=245  10$aAlex and the cat /$cby Helen V. Griffith ; pictures by Joseph Low.
=250  \\$a1st ed.
=260  \\$aNew York :$bGreenwillow,$cc1982.
=300  \\$a63 p. :$bcol. ill. ;$c22 cm.
=440  \0$aGreenwillow read-alone books.$5FU
=490  0\$aA Greenwillow read-alone$5FTS
=490  1\$aGreenwillow read-alone$5FTaSU
=520  \\$aThree stories about Alex, who wants to be treated like the family cat, or live wild like a wolf, and who tries to restore a baby bird to a robin's nest.
=650  \0$aDogs$vJuvenile fiction.
=650  \0$aAnimals$vJuvenile fiction.
=690  \4$aBldn$y1982.$5FU
=700  1\$aLow, Joseph,$d1911-$4ill
=700  1\$aLow, Joseph,$d1911-2007.
=710  2\$aGreenwillow Books.$4pbl
=830  \0$aGreenwillow read-alone books.
=951  \\$105$aFSU01:001274588;$5FTaSU
=951  \\$110$aSFU01:000485012;$5FTS
=951  \\$108$aUFU01:002348687;$5FU

