=LDR  01336aam a2200313 a 4500
=001  027889937
=005  20090402145201.0
=008  920221s1990\\\\ilu\\\\\\bs\\s000|0\eng\\
=010  \\$a   92620102 
=035  \\$a(OCoLC)24315804
=040  \\$aDLC$cDLC$dSPI$dAGL$dFDA
=043  \\$an-us---
=050  00$aS445$b.S67 no. 351$aHD9049.C8
=072  \0$aF120$aE700
=092  \\$a630.7$bUb-796
=100  1\$aReed, Michael R.
=245  10$aImpact of production changes on corn movements among selected states, 1982-1983 /$cMichael J. [i.e. Michael R.] Reed, Lowell D. Hill, Martin G. Patterson.
=260  \\$aUrbana-Champaign, Ill. :$bAgricultural Experiment Station, College of Agriculture, University of Illinois at Urbana-Champaign,$c[1990]
=300  \\$aviii, 70 p. ;$c28 cm.
=490  0\$aSouthern cooperative series ;$vbull. 351$5FTaSU
=490  0\$aUniversity of Illinois bulletin ;$v796$5FTaSU
=500  \\$aSpine title: Impact of production changes on corn movements.$5FTaSU
=500  \\$a"September 1990."$5FTaSU
=504  \\$aIncludes bibliographical references (p. 21).
=650  \0$aCorn industry$zUnited States$xStates$xStatistics.
=700  1\$aHill, Lowell D.
=700  1\$aPatterson, Martin G.
=710  2\$aUniversity of Illinois at Urbana-Champaign.$bAgricultural Experiment Station.
=951  \\$105$aFSU01:001275934;$5FTaSU

