=LDR  01160pam a2200277 a 4500
=001  027919190
=005  20120623045100.0
=008  880224r19881963nyua\\\\\b\\\\001|0\eng\\
=010  \\$a   88003906 
=020  \\$a0486656462 (pbk.) :$c{dollar}15.95
=035  \\$a(OCoLC)21227855
=040  \\$aDLC$cDLC$dFGM
=050  0\$aQC151.7$b.L35 1988
=082  0\$a530.4/2$219
=245  00$aLaminar boundary layers :$ban account of the development, structure, and stability of laminar boundary layers in incompressible fluids, together with a description of the associated experimental techniques /$ceditor, L. Rosenhead.
=260  \\$aNew York :$bDover Publications,$c1988, c1963.
=300  \\$axxi, 687 p. :$bill. ;$c22 cm.
=490  0\$aDover books on engineering$5FBoU
=490  0\$aDover books on physics and chemistry$5FBoU
=500  \\$aReprint. Originally published: Oxford : Clarendon Press, 1963. Originally published in series: Fluid motion memoirs.$5FBoU
=504  \\$aBibliography: p. [629]-670.
=500  \\$aIncludes indexes.$5FBoU
=650  \0$aBoundary layer.
=650  \0$aLaminar flow.
=700  1\$aRosenhead, Louis,$d1906-
=951  \\$102$aFAU01:000339944;$5FBoU

