=LDR  01070nam a2200289I  4500
=001  027941558
=005  20120623063900.0
=008  790510r19651908nyu\\\\\\\\\\\000|0\eng\d
=035  \\$a(OCoLC)04949444
=040  \\$aTXA$cTXA$dFHS$dFHM
=090  \\$aBR375$b.G3 1965
=090  \\$aBR375$b.G3
=100  1\$aGairdner, James,$d1828-1912.
=245  10$aLollardy and the reformation in England;$ban historical survey.
=260  \\$aNew York,$bB. Franklin$c[1965?]
=300  \\$a4 v.
=490  0\$aBurt Franklin: research and source work series,$v84$5FTaSU
=490  1\$aBurt Franklin: research and source work series, no. 84$5FTS
=500  \\$aPhotographic reprint of London edition, 1908-1913.$5FTaSU
=500  \\$aReprinted from the original edition published in 1908-1913.$5FTS
=500  \\$aEdited by William Hunt.$5FTS
=650  \0$aReformation$zEngland.
=650  \0$aLollards.
=700  1\$aHunt, William,$d1842-1931,$eed.
=830  \0$aBurt Franklin research & source works series,$vno. 84.
=951  \\$105$aFSU01:000400682;$5FTaSU
=951  \\$110$aSFU01:000333811;$5FTS

