=LDR  01015nam a2200265Ii 4500
=001  027965427
=005  20070821110925.0
=008  770805r19751956xx\\\\\\b\\\\\001|0\eng\\
=010  \\$a   75005971 
=035  \\$a(OCoLC)03163641
=040  \\$aDLC$cEMU$dFDA
=099  \\$aMif$a406$apt. 2$ano. 116
=100  1\$aShimkin, Leon.
=245  14$aThe history of Pocket Books, inc. /$cLeon Shimkin and Freeman Lewis.
=260  \\$a[Glen Rock, N.J. :$bMicrofilming Corp. of America],$cc1975.
=300  \\$a1 sheet (63 leaves) ;$c11 x 15 cm.
=490  0\$aColumbia University oral history collection ; pt. 2, no. 116$5FTaSU
=490  0\$aNew York times oral history program$5FTaSU
=500  \\$aMicrofiche of typescript.$5FTaSU
=500  \\$aTranscript of an interview conducted by L. M. Starr in 1955.$5FTaSU
=500  \\$aIncludes index.$5FTaSU
=610  20$aPocket Books, inc., New York.
=700  1\$aLewis, Freeman,$d1908- ,$ejoint author.
=700  1\$aStarr, Louis Morris,$d1917-1980.
=951  \\$105$aFSU01:000326764;$5FTaSU

