=LDR  02123cgm a2200541Ia 4500
=001  027999359
=005  20111117174613.0
=008  090109s2001\\\\ch\089\\\\\\\\\\\\vlchi\d
=035  \\$a(OCoLC)297487520
=040  \\$aH2K$cH2K$dSINTU$dFUG
=041  0\$achi$jchi$jeng$jfre$jspa
=043  \\$aa-ch---
=050  14$aUB359.T28Y51
=066  \\$c{dollar}1
=082  04$a929.2/0951$222
=084  \\$a542.268$b8781$2z
=090  \\$aUB359.T35$bY5 2000
=245  00$6880-01$aYin zan zi$h[videorecording] /$cdao yan, Xiao Juzhen.
=246  1\$iEnglish title on disc label:$aGrandma's hairpin.
=260  \\$6880-02$a[Taibei] :$bYing wu gong zuo shi,$cc2000.
=300  \\$a1 videodisc (89 min.) :$bsd., col. ;$c4 3/4 in.
=490  0\$aTaiwan ji lu pian xi lie.$5FBoU
=490  1\$6880-03$aTaiwan ji lu pian xi lie.$5FU
=520  \\$aSee summary in Chinese.
=520  \\$6880-04$aSee summary in Chinese.
=521  8\$6880-05$aJi bie: pu pian ji.
=521  8\$aJi bie: pu pian ji.
=538  \\$aDVD (area code: all) ; Dolby digital.$5FBoU$5FU
=546  \\$aIn Mandarin with optional subtitles in traditional Chinese, English, French or Spanish.
=600  10$aXiao, Juzhen$xFamily.
=600  10$6880-06$aXiao, Juzhen$xFamily.
=650  \0$aDocumentary films.
=650  \0$aVeterans$zTaiwan.
=700  1\$aXiao, Juzhen.
=700  1\$6880-07$aXiao, Juzhen.
=710  2\$6880-08$aYing wu gong zuo shi
=710  2\$aYing wu gong zuo shi
=830  \0$6880-09$aTaiwan ji lu pian xi lie.
=880  00$6245-01/{dollar}1$a銀簪子$h[videorecording] /$c導演, 蕭菊貞.
=880  \\$6260-02/{dollar}1$a[台北] :$b影舞工作室,$cc2000.
=880  1\$6490-03/{dollar}1$a台灣紀錄片系列.
=880  \\$6520-04/{dollar}1$a藉由拍攝紀錄片, 蕭菊貞貼近老兵們的生活困境, 也展開一場尋父之旅; 而透過書寫, 她找到自己, 拾綴藏在攝影機後一點一滴的心情
=880  8\$6521-05/{dollar}1$a級別: 普遍級.
=880  14$6600-06/{dollar}1$a蕭菊貞$xFamily.
=880  1\$6700-07/{dollar}1$a蕭菊貞.
=880  2\$6710-08/{dollar}1$a影舞工作室
=951  \\$102$aFAU01:001803724;$5FBoU
=951  \\$108$aUFU01:005499092;$5FU

