=LDR  03683cas a2200661 a 4500
=001  028024319
=005  20120404135000.0
=006  m\\\\\\\\a\f\\\\\\
=007  cr\an|||||||||
=007  cr\an|
=008  011009d19972006dcuar\\sos\\\f0\\\\0eng\c
=010  \\$a2001232917
=019  \\$a58922552$a760612812
=035  \\$a(MARCIVE)tmp97212835
=035  \\$a(OCoLC)48106713
=035  \\$a(OCoLC)58922552
=037  \\$a829-001-00000-4$bPaper version available from: Superintendent of Documents, P.O. Box 371954, Pittsburgh, PA 15250-7954
=040  \\$aGPO$cGPO$dOCLCQ$dGPO$dOCLCQ$dOCLCE$dGPO$dMvI
=042  \\$alcd
=043  \\$an-us-il$an-us-in$an-us-wi
=074  \\$a0768-B-13 (online)
=086  0\$aL 2.121/13:C 43/
=130  0\$aNational compensation survey.$pChicago-Gary-Kenosha, IL-IN-WI (Online)
=245  10$aNational compensation survey.$pChicago-Gary-Kenosha, IL-IN-WI$h[electronic resource] /$cU.S. Department of Labor, Bureau of Labor Statistics.
=246  3\$aChicago-Gary-Kenosha, IL-IN-WI, national compensation survey
=246  30$aChicago-Gary-Kenosha, IL-IN-WI
=260  \\$aWashington, DC :$bBureau of Labor Statistics,$c1999-2007.
=300  \\$a10 v. :$bdigital, PDF and text files.
=310  \\$aAnnual
=362  0\$aJuly 1997-Oct. 2006.$5FMFIU
=362  1\$aElectronic coverage as of Oct. 9, 2001: Oct. 1999-$5FU$5FOFT
=490  1\$aBulletin$5FU$5FOFT
=490  1\$aBulletin / Bureau of Labor Statistics$5FMFIU
=500  \\$aSome issues distributed to depository libraries in a paper version.$5FU$5FOFT
=500  \\$aDescription based on: Oct. 1999; title from title screen (viewed Oct. 9, 2001).$5FU$5FOFT
=516  8\$aText and PDF formats$5FU$5FOFT
=530  \\$aOnline version of print publication.$5FU$5FOFT
=538  \\$aSystem requirements: Adobe Acrobat software which is available for download (required for issues in PDF format).$5FOFT
=538  \\$aMode of access: Internet at the BLS web site. Address as of 10/09/01: http://stats.bls.gov/compub.htm#IL; current access available via PURL.$5FOFT
=538  \\$aMode of access: Internet at the BLS web site. Address as of 10/09/01: http://stats.bls.gov/compub.htm#IL (current issues), http://www.bls.gov/ncs/ncspubs%5Fpre2000.htm#Wages (archived issues); current access available via PURLs.$5FU
=538  \\$aSystem requirements: Adobe Acrobat Reader.$5FU
=588  \\$aTitle from title screen (viewed Oct. 9, 2001).
=650  \0$aWages$zIllinois$zChicago Metropolitan Area$vStatistics$vPeriodicals.
=650  \0$aWages$zIndiana$zGary Metropolitan Area$vStatistics$vPeriodicals.
=650  \0$aWages$zWisconsin$zKenosha Metropolitan Area$vStatistics$vPeriodicals.
=710  1\$aUnited States.$bBureau of Labor Statistics.
=776  08$iPrint version:$tNational compensation survey. Chicago-Gary-Kenosha, IL-IN-WI$w(DLC) 98645455$w(OCoLC)39187549
=776  1\$tNational compensation survey. Chicago-Gary-Kenosha, IL-IN-WI$w(DLC)   98645455$w(OCoLC)39187549
=785  00$tNational compensation survey. Chicago-Naperville-Michigan City, IL-IN-WI$w(DLC) 2012230031$w(OCoLC)611087307$5FMFIU
=830  \0$aBulletin of the United States Bureau of Labor Statistics.
=856  4\$3Archived issues$uhttp://permanent.access.gpo.gov/lps36672/$5FMFIU
=856  40$uhttp://purl.access.gpo.gov/GPO/LPS15066$5FOFT
=856  40$3Current issues:$uhttp://purl.access.gpo.gov/GPO/LPS15066$5FU
=856  40$3Archived issues:$uhttp://purl.access.gpo.gov/GPO/LPS36672$5FU$5FMFIU
=856  40$3Final issue$uhttp://purl.access.gpo.gov/GPO/LPS15066$5FMFIU
=951  \\$107$aCFU01:000944839;$5FOFT
=951  \\$104$aFIU01:000992040;$5FMFIU
=951  \\$108$aUFU01:002776842;$5FU

