=LDR  01169nam a2200313 a 4500
=001  028051899
=005  20101027151611.0
=008  101027s2009\\\\cu\\\\\\\b\\\\000\0\spa\c
=020  \\$a9789593020138
=020  \\$a9593020136
=035  \\$a(OCoLC)672026749
=040  \\$aFUG$cFUG
=042  \\$apcc
=050  \4$aPQ6601.L2$bA4 2009
=100  1\$aAlberti, Rafael,$d1902-1999.
=245  13$aEl amor y los ángeles /$cRafael Alberti ; concepción general, selección y edición, Aitana Alberti ; prólogos, Benjamin Prado, Luis García Montero, César López.
=260  \\$aHavana :$bUnión de Escritores y Artistas de Cuba,$cc2009.
=300  \\$a276 p. ;$c21 cm.
=490  1\$aColección sur ;$v100$5FU
=490  1\$aPoesía$5FU
=500  \\$aPoems$5FU
=504  \\$aIncludes bibliographical references (p.275-276).
=700  1\$aAlberti León, Aitana,$d1941-
=700  1\$aPrado, Benjamín,$d1961-
=700  1\$aGarcía Montero, Luis.
=700  1\$aLópez, César,$d1933-
=830  \0$aColección Sur (Unión de Escritores y Artistas de Cuba) ;$v100.
=830  \0$aColección Sur (Unión de Escritores y Artistas de Cuba).$pPoesía.
=951  \\$108$aUFU01:004983440;$5FU

