=LDR  01865nam a22004811  4500
=001  028079299
=005  20120203201209.0
=008  811211s1964\\\\dcua\\\\\\\\\\100|0\eng\\
=010  \\$a   65061075 
=019  \\$a00573266
=035  \\$a(OCoLC)14624787
=040  \\$cCarP
=050  0\$aTL1500$b.C6 1964
=060  0\$aWD 756$bC748c 1964
=070  0\$a173$bN2153C
=072  \0$aT000
=072  \0$aT000$aX600
=086  0\$aNAS 1.21:70
=090  \\$aTL1500$b.C6 1964
=092  \\$a612.01449$bC748 1964c
=111  2\$aConference on Nutrition in Space and Related Waste Problems$d(1964 :$cUniversity of South Florida)
=245  10$aConference on Nutrition in Space and Related Waste Problems,
=260  \\$aWashington,$bScientific and Technical Information Division, National Aeronautics and Space Administration;$c1964.
=300  \\$aviii, 400 p.$billus.$c26 cm.
=490  0\$aNASA SP ;$v70$5FTaSU
=490  1\$aUnited States. National Aeronautics and Space Administration. NASA SP-$v70$5FTS
=500  \\$aLacks enumeration.$5FTS
=500  \\$aVol. 2 has title: Abstracts & biographies.$5FTS
=504  \\$aIncludes bibliographical references
=650  \0$aAstronauts$xNutrition$vCongresses.
=650  \0$aLife support systems (Space environment)$vCongresses.
=650  \0$aMenus for space flight$vCongresses.
=650  \2$aSanitation.
=650  \2$aNutrition.
=700  1\$aHelvey, T. C.
=700  1\$aHelvey, Tibor Charles,$d1902-
=710  1\$aUnited States.$bNational Aeronautics and Space Administration.
=710  1\$aUnited States.$bNational Aeronautics and Space Administration.$bScientific and Technical Information Division.
=710  2\$aNational Academy of Sciences (U.S.)
=830  \0$aNASA SP (Series) ;$v70.
=951  \\$105$aFSU01:001972712;$5FTaSU
=951  \\$110$aSFU01:000388612;$5FTS
=951  \\$108$aUFU01:000783793;$5FU

