=LDR  01971pam a2200373 a 4500
=001  028101868
=005  20101011083156.0
=008  001011s2001\\\\miua\\\\\b\\\s000|0\eng\\
=010  \\$a   00011799 
=020  \\$a0814328202
=020  \\$a0814328202 (cloth : alk. paper)
=035  \\$a(OCoLC)45172824
=040  \\$aDLC$cDLC$dOrLoB$dOrLoB-B
=043  \\$an-us-mi
=050  00$aF567$b.M57 2001
=082  00$a977.4/043$221
=245  00$aMichigan remembered :$bphotographs from the Farm Security Administration and the Office of War Information, 1936-1943 /$cedited by Constance B. Schulz ; with introductory essays by Constance B. Schulz and William H. Mulligan, Jr.
=260  \\$aDetroit, Mich. :$bWayne State University Press,$cc2001.
=300  \\$a236 p. :$bill. ;$c27 cm.
=440  \0$aGreat Lakes books$5FMFIU
=490  0\$aGreat Lakes books$5FBoU
=490  1\$aGreat Lakes books series$5FTaSU
=504  \\$aIncludes bibliographical references (p. 235-236).
=505  0\$aMichigan in the Great Depression: The Dream Lost, The Dream Reclaimed / William H. Mulligan, Jr. -- Roy Stryker, the Farm Security Administration, and the Office of War Information / Constance B. Schulz -- I. The Upper Peninsula, 1937 and 1941 -- II. Rural Lower Michigan, 1936-42 -- III. Industrial Michigan, 1939-41 -- IV. The Industrial Southeast Prepares for War, 1941-42 -- V. The Industrial Southeast at War: Wartime Industry, 1941-43 -- VI. Life on the Michigan Home Front, 1941-43.$5FTaSU
=650  \0$aDepressions$y1929$zMichigan$vPictorial works.
=651  \0$aMichigan$vPictorial works.
=651  \0$aMichigan$xSocial life and customs$y20th century$vPictorial works.
=700  1\$aSchulz, Constance B.
=710  1\$aUnited States.$bFarm Security Administration.
=710  1\$aUnited States.$bOffice of War Information.
=830  \0$aGreat Lakes books.
=951  \\$102$aFAU01:000824008;$5FBoU
=951  \\$104$aFIU01:000961357;$5FMFIU
=951  \\$105$aFSU01:001875452;$5FTaSU

