=LDR  01595cam a2200385Ka 4500
=001  028134756
=005  20120623072000.0
=008  921020s19921992vau\\\\\b\\\\f000|0\eng\d
=035  \\$a(OCoLC)26820677
=037  \\$aN 92-22280$bNASA
=040  \\$aGPO$cGPO
=074  \\$a0830-H-14 (MF)
=086  \\$aNAS 1.26:189623
=100  1\$aChapman, Barbara.
=245  10$aProgramming in Vienna Fortran$hmicroform /$cBarbara Chapman, Piyush Mehrotra, Hans Zima.
=260  \\$aHampton, Va. :$bNational Aeronautics and Space Administration, Langley Research Center,$c[1992]
=300  \\$a1 v.
=440  \0$aICASE report ;$v92-9$5FTaSU$5FTS$5FBoU
=490  1\$aICASE report ;$v92-9$5FU
=490  1\$aNASA contractor report ;$v189623$5FU$5FTaSU$5FTS$5FBoU
=500  \\$aDistributed to depository libraries in microfiche.$5FU$5FTaSU$5FTS$5FBoU
=500  \\$aShipping list no.: 92-1818-M.$5FU$5FTaSU$5FTS$5FBoU
=533  \\$aMicrofiche.$b[Washington, D.C.? :$cNational Aeronautics and Space Administration],$d1992.$e1 microfiche.$5FU$5FTS$5FBoU
=533  \\$aMicrofiche.$bWashington, D.C. :$cU.S. G.P.O.,$d1992.$e1 microfiche : negative ; 11 x 15 cm.$5FTaSU
=650  \0$aMultiprocessors.
=650  \0$aParallel processing (Electronic computers)
=700  1\$aMehrotra, Piyush.
=700  1\$aZima, Hans.
=710  2\$aLangley Research Center.
=830  \0$aNASA contractor report ;$vNASA CR-189623.
=830  \0$aICASE report ;$vno. 92-9.
=951  \\$102$aFAU01:000468786;$5FBoU
=951  \\$105$aFSU01:001293781;$5FTaSU
=951  \\$110$aSFU01:000899327;$5FTS
=951  \\$108$aUFU01:001770774;$5FU

