=LDR  02359ngm a22004574a 4500
=001  028157597
=005  20111104114427.0
=007  vf\cbahou
=008  980702s1998\\\\nyu081\\\\\\\\|\\|vleng\c
=019  \\$a38961755
=028  42$aFFH 7682$bFilms for the Humanities & Sciences
=035  \\$a(OCoLC)39656086
=037  \\$bFilms for the Humanities & Sciences
=040  \\$aNLM$cNLM
=042  \\$apcc
=090  \\$aHV5801$b.C56 1998 v.3
=090  \\$aHV5831.A8$bC54 1998
=099  \\$aVC$a5321
=245  00$aChanging lives$h[videorecording] /$ca presentation of Films for the Humanities & Sciences ; a production of Public Affairs Television, Inc. ; a presentation of Thirteen/WNET New York.
=260  \\$aPrinceton, N.J. :$bFilms for the Humanities & Sciences,$cc1998.
=300  \\$a1 videocassette (81 min.) :$bsd., col. ;$c1/2 in.
=440  \4$aThe Moyers collection$5FU
=490  1\$aClose to home$5FMFIU
=490  1\$aMoyers on addiction$5FU
=500  \\$aFFH 7682$5FU
=508  \\$aProduced and directed by Pamela Mason Wagner ; director of photography, Rob Elfstrom ; editor, Susan Fanshel ; executive editors, Bill Moyers, Judith Davidson Moyers.
=511  0\$aHost: Bill Moyers.
=520  \\$aThe host visits two recovery programs-Ridgeview Institute and Project Safe to interview recovering addicts.
=520  \\$aWhile addiction may cause similar changes in the brains of different people, recovery is a very individual solution. Changing behavior is the aim of treatment, but no single treatment program will work for all addicts. This program visits the Ridgeview Institute near Atlanta to interview recovering addicts and sit in on a group therapy session. The program also visits Project Safe, an innovative treatment program that reaches out to disadvantaged mothers who are addicts, and to their children who are at serious risk of becoming addicts.
=538  \\$aVHS format.$5FMFIU
=650  \0$aNarcotic addicts$xRehabilitation.
=650  \0$aDrug abuse$xTreatment$zAtlanta.
=650  \0$aBehavior therapy.
=650  \0$aDrug addicts$xRehabilitation.
=650  \2$aSubstance-Related Disorders
=700  1\$aMoyers, Bill D.
=710  2\$aFilms for the Humanities (Firm)
=710  2\$aRidgeview Institute
=830  \0$aClose to home (Series)
=951  \\$104$aFIU01:000813936;$5FMFIU
=951  \\$108$aUFU01:002425865;$5FU

