=LDR  03903cam a2200421Ia 4500
=001  028188685
=005  20100714141216.0
=008  080716s2009\\\\gw\a\\\\\b\\\\101\0\eng\d
=010  \\$a2010416641
=015  \\$a09,A48,0813$2dnb
=015  \\$a08,N23,1723$2dnb
=016  7\$a988740583$2DE-101
=020  \\$a9783422068339
=020  \\$a3422068333
=035  \\$a(OCoLC)234775983
=040  \\$aERASA$beng$cERASA$dOHX$dSYB$dGZM$dBOS$dYDXCP$dNDD$dHEBIS$dOCLCQ$dFDA
=043  \\$ae-gx---
=082  04$a700.973
=090  \\$aN6886.M9$bA43 2009
=245  00$aAmerican artists in Munich :$bartistic migration and cultural exchange processes /$cedited by Christian Fuhrmeister, Hubertus Kohle and Veerle Thielemans.
=260  \\$aBerlin :$bDeutscher Kunstverlag,$cc2009.
=300  \\$a272 p. :$bill. ;$c24 cm.
=490  1\$aMünchener Universitätsschriften des Instituts für Kunstgeschichte ;$vvol. 8$5FTaSU
=490  1\$aVeröffentlichungen des Zentralinstituts für Kunstgeschichte in München ;$vvol. 21$5FTaSU
=500  \\$a"This volume presents the proceedings of a conference 'American Artists in Munich. Artistic Migration and Cultural Exchange Processes, ' October 9-11, 2007, organized by the research group 'Forschungen zur Künstlerausbildung / Research on the Formation of Artists' in cooperation with the Terra Foundation for American Art and with the support of the Amerika Haus München e.V."--T.p. verso.$5FTaSU
=504  \\$aIncludes bibliographical references and index.
=505  00$gIntroduction /$rChristian Fuhrmeister and Veerle Thielemans --$tVoluntary exile and cosmopolitanism in the transatlantic arts community /$rHollis Clayson --$tThe Academy and Munich's fame as city of art /$rFrank Büttner --$tAmerican artists at the Academy of Fine Arts in Munich 1850-1920 /$rSusanne Böller --$tThe impact of the Art Academy at Düsseldorf on the evolution of American art /$rEkkehard Mai --$t"A kind of Teutonic Florence" : cultural and professional aspirations of American artists in Munich /$rUrsula Frohne --$tMaking art and money : art publishers and American artists in Munich /$rHelmut Hess --$tJ. Frank Currier, Munich and the anxious state of American art ca. 1880 /$rEric Rosenberg --$tAmerican women artists in Munich, or Die Frauen ohne Schatten /$rDiane Radycki --$tMunich's architecture and the modern American institution /$rKathleen Curran --$tWilhelm Leibl in Paris : international realism during the late Second Empire /$rAndré Dombrowski --$tThe Bavarian beginnings of Eliza Greatorex : from New York to southern Germany, 1870-1872 /$rKatherine Manthorne --$tFrank Duveneck, Carl Marr, and the other German-Americans in Munich, 1870-1885 /$rMichael Quick --$tMarketing the European-American : William Merritt Chase, Munich, and the Märchenkönig /$rNathan J. Timpano --$t"Unfinished business of democracy" : transcultural confrontations in the portraits of the German-American artist Winold Reiss /$rFrank Mehring --$tA German view of American history? Winold Reiss's mosaics at Cincinnati Union Terminal, 1931-33 /$rAsta von Buch --$tThe Munich sources behind Marcel Duchamp's Large glass /$rHerbert Molderings --$tAmerican Gothic's Munich connection : a window into Grant Wood's regionalism /$rJane C. Milosch.$5FTaSU
=650  \0$aArtists$zGermany$zMunich$xHistory$vCongresses.
=651  \0$aMunich (Germany)$xIntellectual life$vCongresses.
=700  1\$aFuhrmeister, Christian,$d1963-
=700  1\$aKohle, Hubertus.
=700  1\$aThielemans, Veerle.
=710  2\$aAkademie der Bildenden Künste München.$bForschungen zur Künstlerausbildung.
=710  2\$aTerra Foundation for American Art.
=830  \0$aMünchener Universitätsschriften des Instituts für Kunstgeschichte ;$vBd. 8.
=830  \0$aVeröffentlichungen des Zentralinstituts für Kunstgeschichte in München ;$v21.
=936  \\$aPR 467880139
=951  \\$105$aFSU01:002817255;$5FTaSU

