=LDR  02180nam a2200445Ia 4500
=001  028221258
=005  20120623083700.0
=008  861216s1986\\\\txua\\\\\b\\\\100|0\eng\d
=020  \\$a0874931398 (pbk.)
=035  \\$a(OCoLC)14981608
=040  \\$aIAV$cIAV$dFDA
=090  \\$aRC87$b.N37 1986
=092  \\$a610.5$bC578, sup, 1986, v.74, no.6
=096  \\$aWG 100 A5132 v.126 1986
=111  2\$aNational Conference on Standards and Guidelines for Cardiopulmonary Resuscitation and Emergency Cardiac Care$d(1985 :$cDallas, Tex.)
=245  10$aProceedings of the 1985 National Conference on Standards and Guidelines for Cardiopulmonary Resuscitation and Emergency Cardiac Care /$cWilliam H. Montgomery, guest editor ; Judith Donegan, Kevin M. McIntyre, associate guest editors.
=260  \\$aDallas, TX :$bAmerican Heart Association,$cc1986.
=300  \\$a153 p. :$bill. ;$c28 cm.
=490  0\$aCirculation ;$vsuppl., pt. 2, v. 74, no. 6 (Dec. 1986) = v. 74, suppl. 4 (Dec. 1986)$5FTaSU
=490  1\$aMonograph / American Heart Association ;$vno. 126$5FTaSU$5FU
=490  1\$aIN JOURNAL: Circulation. Supplement ;$vv. 74, no. 4 (Dec. 1986)$5FU
=500  \\$aSpine title: Proceedings of the 1985 National ECC Conference.$5FTaSU
=500  \\$aHeld July 11-13, 1985 in Dallas, Texas; sponsored by American College of Cardiology and others.$5FTaSU$5FU
=504  \\$aIncludes bibliographies.
=650  \0$aCardiac arrest$xTreatment$vCongresses.
=650  \0$aHeart$xDiseases$xCongresses.
=650  \0$aEmergency Medical Services$xStandards$xCongresses.
=650  \0$aResuscitation$xStandards$xCongresses.
=650  \2$aHeart Arrest$xtherapy$xcongresses.
=650  \2$aResuscitation$xmethods$xcongresses.
=700  1\$aMontgomery, William H.
=700  1\$aDonegan, Judith H.
=700  1\$aMcIntyre, Kevin M.,$d1935-
=710  2\$aAmerican College of Cardiology.
=710  2\$aAmerican Heart Association.
=740  0\$aProceedings of the 1985 National ECC Conference.
=830  \0$aMonograph (American Heart Association) ;$vno. 126.
=830  \0$aCirculation.$pSupplement ;$vv. 74, no. 4
=951  \\$105$aFSU01:000787089;$5FTaSU
=951  \\$108$aUFU01:000989458;$5FU

