=LDR  01584nam a2200349Ka 4500
=001  028243850
=005  20111017130942.0
=008  020213s2002\\\\maua\\\\\b\\\\000|0\eng\d
=035  \\$a(OCoLC)48992810
=040  \\$aDBI$cDBI
=090  \\$aHB1$b.N37 no.8718 2002
=100  1\$aDominitz, Jeff.
=245  10$aSocial Security expectations and retirement savings decisions /$cJeff Dominitz, Charles F. Manski, Jordan Heinz.
=260  \\$aCambridge, MA. :$bNational Bureau of Economic Research,$cc2002.
=300  \\$a35, [17] p. :$bill. ;$c22 cm.
=490  0\$aNBER working paper series ;$vworking paper 8718$5FTaSU
=490  1\$aNBER working paper series ;$vno.8718$5FU
=500  \\$a"January 2002."$5FU$5FTaSU
=504  \\$aIncludes bibliographical references (p. 34-35).
=530  \\$aAlso available in PDF from the NBER world wide web site: access restricted to institutions with electronic subscriptions.$5FTaSU
=530  \\$aAlso available in PDF from the NBER world wide web site (www.nber.org).$5FU
=650  \0$aSaving and investment$zUnited States
=650  \0$aSocial security$zUnited States
=650  \0$aSocial security beneficiaries$zUnited States
=650  \0$aRetirement income$zUnited States
=700  1\$aManski, Charles F.
=700  1\$aHeinz, Jordan.
=710  2\$aNational Bureau of Economic Research.
=830  \0$aWorking paper series (National Bureau of Economic Research) ;$vno.8718
=856  4\$zClick here to download PDF file$uhttp://www.nber.org/papers/W8718.pdf$5FU$5FTaSU
=951  \\$105$aFSU01:001905994;$5FTaSU
=951  \\$108$aUFU01:002789203;$5FU

