=LDR  02622cam a2200457Ia 4500
=001  028268931
=005  20060516102522.0
=008  920921s1992\\\\mdua\\\\\b\\\f100|0\eng\d
=020  \\$a0123456789 :$c{dollar}5.00
=035  \\$a(OCoLC)26640943
=037  \\$a017-024-01482-6$bGPO
=040  \\$aIHS$cIHS$dCUY$dKKC$dGPO$dVYL
=074  \\$a0831-C-08
=086  0\$aHE 20.8216:121
=090  \\$aRC566.A2$bB92 1992
=096  \\$aWM 270 B944 1992
=096  \\$aWM 270 N277d no.121 1989
=245  00$aBuprenorphine, an alternative treatment for opioid dependence /$ceditor, Jack D. Blaine.
=260  \\$aRockville, MD (5600 Fishers Lane, Rockville 20857) :$bU.S. Dept. of Health and Human Services, Public Health Service, Alcohol, Drug Abuse, and Mental Health Administration, National Institute on Drug Abuse ;$a[Washington, DC :$bSupt. of Docs., U.S. G.P.O.],$c1992.
=300  \\$aiv, 148 p. :$bill. ;$c24 cm.
=440  \0$aDHHS publication ;$vno. (ADM) 92-1912$5FTS$5FMFIU
=490  0\$aDHHS publication ;$vno. (ADM) 92-1912$5FU
=490  1\$aResearch monograph ;$v121$5FU$5FTS$5FMFIU
=500  \\$aShipping list no.: 92-0491-P.$5FU$5FTS$5FMFIU
=500  \\$a"Based on the papers and discussions from a technical review on 'Buprenorphine: An Alternative Treatment for Opioid Dependence' held on March 16-17, 1989 in Rockville, MD."$5FU$5FTS$5FMFIU
=504  \\$aIncludes bibliographical references.
=505  0\$aBuprenorphine : background to its development as a treatment for opiate dependence -- Behavioral pharmacology of Buprenorphine : issues relevant to its potential in treating drug abuse -- Assessment of Buprenorphine in a drug discrimination procedure in humans -- Human laboratory studies of Buprenorphine -- Primate studies of the behavioral pharmacology of Buprenorphine -- Phase II clinical trials of Buprenorphine : detoxification and induction onto Naltrexone -- Development of Buprenorphine for the treatment of opioid dependence.$5FU$5FTS$5FMFIU
=650  \0$aBuprenorphine$vCongresses.
=650  \0$aNarcotic antagonists$vCongresses.
=650  \0$aNarcotic habit$xTreatment$vCongresses.
=650  \0$aDrug addiction$xTreatment$xCongresses.
=650  \2$aSubstance Abuse$xcongresses
=650  \2$aSubstance-Related Disorders$xcongresses
=650  \2$aOpioid-Related Disorders$xcongresses
=650  \2$aBuprenorphine$xcongresses
=700  1\$aBlaine, Jack D.
=710  2\$aNational Institute on Drug Abuse.
=740  0\$aAlternative treatment for opioid dependence.
=830  \0$aNIDA research monograph ;$v121.
=951  \\$104$aFIU01:000479182;$5FMFIU
=951  \\$108$aUFU01:001778480;$5FU

