=LDR  00806nam a2200241Ia 4500
=001  028305013
=005  20120623052500.0
=008  010904s1868\\\\nyuaf\\j\\\\\\000|0\eng\d
=035  \\$a(OCoLC)47904942
=040  \\$aFHM$cFHM
=090  \\$aPS1000.A8$bP4 1868
=100  1\$aAbbott, Jacob,$d1803-1879.
=245  10$aRollo's philosophy /$c[by Jacob Abbott].
=250  \\$aA new ed. rev.
=260  \\$aNew York :$bSheldon & Co.,$c1868.
=300  \\$a4 v. :$bill. ;$c18 cm.
=490  1\$aRollo books$5FTS
=490  1\$aThe Rollo series$5FTS
=505  0\$a[v. 1]. Water -- [v. 2]. Air -- [v. 3]. Fire -- [v. 4]. Sky.$5FTS
=650  \0$aScience$vJuvenile literature.
=710  2\$aDobkin Collection of 19th Century Americana.$5FTS
=800  1\$aAbbott, Jacob,$d1803-1879.$tRollo books.
=951  \\$110$aSFU01:001320523;$5FTS

