=LDR  03234cam a2200541Ia 4500
=001  028331226
=005  20150204115351.0
=006  m\\\\\\\\d\f\\\\\\
=007  cr\bn||||||abp
=007  cr\bn||||||ada
=008  100404s1979\\\\dcuab\\\ob\\\f001\0\eng\d
=035  \\$a(OCoLC)598156815
=037  \\$a09-150$bLLMC
=040  \\$aOCLCE$beng$cOCLCE$dOCLCQ$dLLMC2
=042  \\$adlr
=043  \\$aa-ls---
=050  \4$aDS555.3$b.W47 1979
=082  04$a959.4/04$219
=245  00$aLaos, a country study$h[electronic resource] /$cForeign Area Studies, the American University ; coauthors, Donald P. Whitaker ... [et al.].
=250  \\$a2nd ed.
=260  \\$aWashington, D.C. :$b[Foreign Area Studies, American University] :$bFor sale by the Supt. of Docs., U.S. G.P.O.,$cc1979.
=300  \\$a1 online resource (xiv, 338 p.) :$bill., maps.
=490  1\$aArea handbook series$5FTaFA
=490  1\$aDA pam ;$v550-58$5FTaFA
=490  0\$aLaw Library Microform Consortium - Digital$5FTaFA
=500  \\$aEdition of 1967 published under title: Area handbook for Laos.$5FTaFA
=500  \\$a"Research completed June 1971."$5FTaFA
=504  \\$aIncludes bibliographical references (p. 297-319) and index.
=506  \\$3Use copy$fRestrictions unspecified$2star$5MiAaHDL$5FTaFA
=533  \\$aElectronic reproduction.$b[S.l.] :$cHathiTrust Digital Library,$d2010.$5MiAaHDL$5FTaFA
=538  \\$aMaster and use copy. Digital master created according to Benchmark for Faithful Digital Reproductions of Monographs and Serials, Version 1. Digital Library Federation, December 2002.$uhttp://purl.oclc.org/DLF/benchrepro0212$5MiAaHDL$5FTaFA
=583  1\$adigitized$c2010$hHathiTrust Digital Library$lcommitted to preserve$2pda$5MiAaHDL$5FTaFA
=588  \\$aDescription based on print version record.
=500  \\$aAccess restricted to college of law students, faculty and staff.$5FTaFA
=651  \0$aLaos.
=651  \4$aLaos$xCivilización.
=651  \4$aLaos$xCondiciones económicas.
=700  1\$aWhitaker, Donald P.
=710  2\$aAmerican University (Washington, D.C.).$bForeign Area Studies.
=776  08$iPrint version:$tLaos, a country study.$b2d ed.$dWashington, D.C. : [Foreign Area Studies, American University] : for sale by the Supt. of Docs., U.S. Govt. Print. Off., 1979$w(DLC) 79603616$w(OCoLC)5943800
=830  \0$aArea handbook series.
=830  \0$aDA pam ;$v550-58.
=856  40$3HathiTrust Digital Library$uhttp://catalog.hathitrust.org/api/volumes/oclc/5943800.html$zAccess limited to FAMU College of Law faculty, staff and students.$5FTaFA
=856  40$uhttp://famuproxy.fcla.edu/login?url=http://www.llmcdigital.org/default.aspx?redir=09150$zAccess limited to FAMU College of Law faculty, staff and students.$5FTaFA
=856  40$uhttp://www.llmcdigital.org/default.aspx?redir=09150$yUF: Off-campus access limited to current UF students & employees$5FU
=856  40$uhttps://proxy.lib.fsu.edu/login?url=http://www.llmcdigital.org/default.aspx?redir=09150$yFSU: Off-campus access limited to current FSU students & employees$5FTaSU
=856  40$uhttp://ezproxy.fiu.edu/login?url=http://www.llmcdigital.org/default.aspx?redir=09150$yFIU users: view content here$5FMFIU
=951  \\$101$aAMU01:001404929;$5FTaFA

