=LDR  02785nam a2200409Ia 4500
=001  028352353
=005  20140916110700.0
=008  000828s2000\\\\dcuab\\\\b\\\\100|0\eng\c
=019  \\$a44891457
=020  \\$a030907150X
=035  \\$a(OCoLC)44896916
=040  \\$aTRL$cTRL
=042  \\$apcc
=050  \4$aTE7$b.H5 no.1697
=090  \\$aTE7$b.H5 no. 1697
=245  00$aMaintenance and management of bridges and pavements.
=246  1\$iAt head of title:$aMaintenance
=260  \\$aWashington, D.C. :$bNational Academy Press,$c2000.
=300  \\$av, 40 p. :$bill. ;$c28 cm.
=490  0\$aTransportation research record,$x0361-1981 ;$vno. 1697$5FTaSU
=490  1\$aTransportation research record : journal of the Transportation Research Board,$x0361-1981 ;$vno. 1697$5FOFT
=500  \\$a"A peer-reviewed publication of the Transportation Research Board."$5FTaSU$5FOFT
=500  \\$a"Transportation Research Board, National Research Council."$5FTaSU
=500  \\$aPapers presented at the 79th Annual Meeting of the Transportation Research Board, January 2000.$5FTaSU
=500  \\$a"Journal of the Transportation Research Board."$5FTaSU
=500  \\$a"The papers contained in this volume were among those presented at the 79th Annual Meeting of the Transportation Research Board in January 2000"--P. v.$5FOFT
=504  \\$aIncludes bibliographical references.
=505  00$tIntegrated multimedia uniform bridge element identification system database for bridge inspection and maintenance /$rMohammed E. Haque and Kajpong Pongponrat --$tUser cost model for bridge management systems /$rPaul D. Thompson ... [et al.] --$tBridge inspection decision making based on sequential hypothesis testing methods /$rSamer Madanat and Da-Jie Lin --$tUltrasonic inspection of bridge hanger pins /$rB.A. Graybeal, R.A. Walther, and G.A. Washer --$tBond characteristics of overlays placed over bridge decks sealed with high-molecular-weight methacrylate /$rBahram M. Shahrooz ... [et al.] --$tCost-effectiveness of crack sealing materials and techniques for asphalt pavements /$rDavid R. Johnson, reed B. Freeman, and James R. Stevenson.$5FOFT
=650  \0$aRoads$zUnited States$xMaintenance and repair$xManagement$vCongresses.
=650  \0$aPavements$zUnited States$xMaintenance and repair$xManagement$vCongresses.
=650  \0$aBridges$zUnited States$xMaintenance and repair$xManagement$vCongresses.
=650  \0$aBridges$xMaintenance and repair$vCongresses.
=650  \0$aPavements$xMaintenance and repair$vCongresses.
=710  2\$aNational Research Council (U.S.).$bTransportation Research Board.$bAnnual Meeting$n(79th :$d2000 :$cWashington, D.C.)
=830  \0$aTransportation research record ;$v1697.
=951  \\$107$aCFU01:000868489;$5FOFT
=951  \\$105$aFSU01:001808964;$5FTaSU

