=LDR  01768cam a22004574a 4500
=001  028381658
=005  20060220150355.0
=008  010130s1999\\\\ck\abf\\\b\\\\000\0\spa\c
=010  \\$a2004465624
=020  \\$a9586018741
=035  \\$a(OCoLC)45818714
=040  \\$aZCU$cZCU$dDLC$dFUG
=042  \\$apcc
=043  \\$as-ck---
=050  00$aHV5840.C7$bV37 1999
=082  00$a363.45$222
=100  1\$aVargas M., Ricardo.
=245  10$aFumigación y conflicto :$bpolíticas antidrogas y deslegitimación del Estado en Colombia /$cRicardo Vargas Meza.
=246  30$aPolíticas antidrogas y deslegitimación del estado en Colombia
=250  \\$a1a ed.
=260  \\$aSantafé de Bogotá :$bTransnational Institute :$bAcción Andina :$bTM Editores,$c1999.
=300  \\$axxvi, 279 p., [3] folded leaves of plates :$bill., 3 col. maps ;$c23 cm.
=490  1\$aSociología y política$5FU$5FMFIU
=490  1\$aAcadémica$5FU$5FMFIU
=504  \\$aIncludes bibliographical references (p. 219-227).
=650  \0$aCoca$zColombia$xFumigation.
=650  \0$aMarijuana$zColombia$xFumigation.
=650  \0$aDefoliants$zColombia$xWar use.
=650  \0$aHerbicides$zColombia$xWar use.
=650  \0$aCoca$xFumigation$zColombia.
=650  \0$aMarijuana$xFumigation$zColombia.
=650  \0$aDrug traffic$zColombia.
=650  \0$aDefoliants$xEnvironmental aspects$zColombia.
=650  \0$aDefoliants$xWar use$zColombia.
=650  \0$aHerbicides$xEnvironmental aspects$zColombia.
=650  \0$aHerbicides$xWar use$zColombia.
=650  \0$aDrug control$zColombia.
=830  \0$aAcadémica (Bogotá, Colombia)
=830  \0$aSociología y política (Tercer Mundo Editores (Bogotá, Colombia))
=951  \\$104$aFIU01:000910560;$5FMFIU
=951  \\$108$aUFU01:003464050;$5FU

