=LDR  00843cam a2200241Ii 4500
=001  028405344
=005  20120623053400.0
=008  820217s1869\\\\maua\\\j\\\\\\000|1\eng\d
=035  \\$a(OCoLC)08163026
=040  \\$aSUC$cSUC$dOCL$dFHM
=090  \\$aPZ7.A22$bPic
=100  1\$aOptic, Oliver,$d1822-1897.
=245  14$aThe picnic party :$ba story for little folks /$cby Oliver Optic [i.e. W.T. Adams].
=260  \\$aBoston :$bLee and Shepard,$c1869.
=300  \\$a96 p. :$bill. ;$c15 cm.
=490  1\$aThe riverdale books$5FTS
=490  1\$aRiverdale story books$5FTS
=500  \\$aAdded t.-p., illustrated.$5FTS
=500  \\$a"Floralee story books"$5FTS
=650  \0$aChildren's stories.
=710  2\$aDobkin Collection of 19th Century Americana.$5FTS
=800  1\$aOptic, Oliver,$d1822-1897.$tRiverdale story books
=951  \\$110$aSFU01:000361999;$5FTS

