=LDR  00941cam a2200265Ka 4500
=001  028430641
=005  20081212115726.0
=008  921029s1966\\\\it\a\\\\\b\\\\000\0\ita\d
=035  \\$a(OCoLC)26887578
=040  \\$aZT3$bfre$cZT3$dOCL$dOCLCQ$dFTU
=043  \\$ae-gr---$ae-it---
=090  \\$aN6280$b.R67 1966
=245  03$aIl Romanico in Germania e in Italia /$criduzione a cura di Francesco Abbate.
=260  \\$aMilano :$bFratelli Fabbri Editori,$cc1966.
=300  \\$a157 p. :$bchiefly col. ill. ;$c20 cm.
=490  0\$aElite. Storia universale dell'arte,$vXI$5FMFIU
=490  0\$aElite, storia universale dell'arte ;$v11$5FOFT
=500  \\$a[Copyright 1966]$5FMFIU
=504  \\$aIncludes bibliographical references (p. 153).
=546  \\$aIn Italian.
=650  \0$aArt, Romanesque$zGermany.
=650  \0$aArt, Romanesque$zItaly.
=700  1\$aAbbate, Francesco.
=951  \\$107$aCFU01:001460112;$5FOFT
=951  \\$104$aFIU01:000830354;$5FMFIU

