=LDR  02455cam a2200409 a 4500
=001  028454356
=005  20150430120324.0
=008  050425s2005\\\\nyu\\\\\\b\\\\100\0\eng\c
=019  \\$a61665607
=035  \\$a(OCoLC)59554579
=040  \\$aNLL$cNLL$dILI
=042  \\$apcc
=050  \4$aK564.C6$bJ64 2005
=050  \4$aTK5105.875.I57$bJ65 2005
=100  1\$aJohnson, David R.,$d1945-
=245  14$aThe accountable net /$cby David R. Johnson, Susan P. Crawford, and John G. Palfrey and the Accountable Net Roundtable.
=246  3\$aAccountable net roundtable
=260  \\$aNew York :$bBenjamin N. Cardozo School of Law,$c2005.
=300  \\$aiii, 56 p. ;$c23 cm.
=490  0\$aFloersheimer Center for Constitutional Democracy Occasional papers ;$vno.2$5FU
=490  0\$aFloersheimer Center occasional papers ;$vno. 2$5FTaSU
=500  \\$aIncludes a summary of the Accountable Net Roundtable, held at the Benjamin N. Cardozo School of Law, June 11, 2004.$5FU$5FTaSU
=500  \\$aAt head of title: Floersheimer Center for Constitutional Democracy.$5FTaSU
=504  \\$aIncludes bibliographical references (p. 56).
=505  0\$aThe accountable net: peer production of Internet governance. Why must we govern the net -- How we could govern the net -- Implications of peer production of governance -- How should we evaluate alternative forms of Internet governance -- Objections to the peer production of Internet governance -- What is required to make the accountable Internet work -- Why peer production of governance will work. The accountable net roundtable.$5FU
=505  0\$aWhy must we govern the net -- How we could govern the net -- Implications of peer production of governance -- How should we evaluate alternative forms of Internet governance -- Objections to the peer production of Internet governance -- What is required to make the accountable Internet work -- Why peer production of governance will work. The accountable net roundtable.$5FTaSU
=650  \0$aInternet$xLaw and legislation.
=650  \0$aComputer networks.
=650  \0$aCyberspace.
=650  \0$aInternet.
=700  1\$aPalfrey, John G.
=700  1\$aCrawford, Susan P.,$d1963-
=710  2\$aFloersheimer Center for Constitutional Democracy.
=710  2\$aBenjamin N. Cardozo School of Law.
=830  \0$aOccasional paper (Floersheimer Center for Constitutional Democracy) ;$vno. 2.
=951  \\$105$aFSU01:002438273;$5FTaSU
=951  \\$108$aUFU01:003485516;$5FU

