=LDR  01917nam a2200469Ia 4500
=001  028485180
=005  20110502141528.0
=008  941202s1994\\\\nyua\\\\\b\\\\000\0\eng\\
=010  \\$a   94234531 
=020  \\$a0823704815
=035  \\$a(OCoLC)30024857
=040  \\$aVYF$cVYF$dFDA
=043  \\$an-us---
=050  00$aHD7105.45.U6$bD36 1994
=082  00$a658.3/253$220
=090  \\$aHD7105.45.U6$bD35 1994
=100  1\$aDanner, Christina R.
=245  10$aCorporate pension funds :$bconstruction and management /$cby Christina R. Danner.
=260  \\$aNew York, N.Y. :$bConference Board,$cc1994.
=300  \\$a13 p. :$bill. ;$c28 cm.
=490  0\$aReport / The Conference Board ;$v1059-94-CR$5FTaSU$5FOFT$5FTS$5FU
=490  1\$aReport / The Conference Board ;$vno. 1059-94-CR$5FJUNF
=500  \\$a"This report is based on a survey undertaken by the Conference Board's Council of Financial Executives."--p. 5.$5FTaSU$5FOFT$5FTS$5FU
=500  \\$a"A council report."--Cover.$5FTaSU$5FOFT$5FTS$5FU
=500  \\$aCaption title.$5FTaSU$5FOFT$5FTS$5FU
=500  \\$aCover title.$5FJUNF
=504  \\$aIncludes bibliographical references (p. [15]).
=650  \0$aPension trusts$zUnited States$xManagement.
=650  \0$aPension trusts$xInvestments$zUnited States$xManagement.
=650  \0$aPension trusts$zUnited States.
=710  2\$aConference Board.
=710  2\$aConference Board.$bCouncil of Financial Executives.
=797  23$aRobert Zieger Labor History Collection.$5FU
=710  2\$aRobert Zieger Labor History Collection.$5FU
=830  \0$aConference Board report ;$vno. 1059.
=830  \0$aConference Board report ;$v1059-94-CR.
=830  \0$aConference Board report ;$vno. 1059-94-CR.
=951  \\$107$aCFU01:000455707;$5FOFT
=951  \\$105$aFSU01:001381380;$5FTaSU
=951  \\$109$aNFU01:000373042;$5FJUNF
=951  \\$110$aSFU01:000962848;$5FTS
=951  \\$108$aUFU01:001916800;$5FU

