=LDR  00988nam a2200265I  4500
=001  028517901
=005  20120623074900.0
=008  810601c19661948nyua\\\\\b\\\\100|0\eng\\
=010  \\$a   65029023 
=035  \\$a(OCoLC)07464881
=040  \\$aDLC$cIAZ$dFHM
=050  \\$aQP385$b.A8 1966
=082  0\$a612.825
=090  \\$aQP385$b.A8 1966
=110  2\$aAssociation for Research in Nervous and Mental Disease.
=245  14$aThe frontal lobes;$bproceedings of the association, December 12 and 13, 1947, New York.
=260  \\$aNew York,$bHafner Pub. Co.,$c1966 [c1948]
=300  \\$axv, 901 p.$billus.$c24 cm.
=490  0\$aIts Series of research publications, v. 27$5FTS
=490  1\$aIts Research publications,$vv. 27$5FTaSU
=504  \\$aBibliography: p. 833-864.
=650  \0$aBrain$xLocalization of functions
=830  \0$aResearch publications (Association for Research in Nervous and Mental Disease),$vv. 27.
=951  \\$105$aFSU01:000463362;$5FTaSU
=951  \\$110$aSFU01:000368457;$5FTS

