=LDR  01624nam a2200337Ka 4500
=001  028533336
=005  20120623072700.0
=008  930305s1992\\\\cau\\\\\b\\\\f000|0\eng\d
=035  \\$a(OCoLC)27671009
=037  \\$aN 92-29109$bNASA
=040  \\$aGPO$cGPO
=074  \\$a0830-H-14 (MF)
=086  0\$aNAS 1.26:190551
=100  1\$aHammond, Steven Warren.
=245  10$aMapping unstructured grid computations to massively parallel computers$hmicroform /$cSteven Warren Hammond.
=260  \\$a[Moffett Field, Calif.] :$bResearch Institute for Advanced Computer Science, NASA Ames Research Center ;$a[Springfield, Va.? :$bNational Technical Information Service, distributor,$c1991]
=300  \\$a1 v.
=490  0\$aNASA-CR ;$v190551$5FTaSU$5FU$5FTS$5FBoU
=490  1\$aRIACS technical report ;$v92.14$5FTaSU$5FU$5FTS$5FBoU
=500  \\$aShipping list no.: 92-2545-M.$5FTaSU$5FU$5FTS$5FBoU
=500  \\$aDistributed to depository libraries in microfiche.$5FU$5FTS$5FBoU
=533  \\$aMicrofiche.$b[Washington, D.C. :$cNational Aeronautics and Space Administration],$d1992.$e2 microfiches : negative ; 11 x 15 cm.$5FTaSU
=533  \\$aMicrofiche.$b[Washington, D.C. :$cNational Aeronautics and Space Administration],$d1992.$e2 microfiches.$5FU$5FTS$5FBoU
=650  \0$aParallel computers.
=710  2\$aResearch Institute for Advanced Computer Science (U.S.)
=830  \0$aRIACS technical report ;$vTR 92-14.
=830  \0$aNASA contractor report ;$vNASA CR-190551.
=951  \\$102$aFAU01:000475551;$5FBoU
=951  \\$105$aFSU01:001314068;$5FTaSU
=951  \\$110$aSFU01:000915514;$5FTS
=951  \\$108$aUFU01:001805346;$5FU

