=LDR  00795cam a2200253Ia 4500
=005  20120910130513.0
=008  860501s1907\\\\nyuaf\\\\\\\\\000\0\eng\d
=019  \\$a27785958
=035  \\$a(OCoLC)13515362
=040  \\$aGZD$cGZD$dHRH$dOCL$dOCLCG$dFUG
=049  \\$aFUGG
=050  \4$aPK6513$b.A1 1907
=100  0\$aOmar Khayyam.
=240  10$aRubāʻīyāt.$lEnglish
=245  10$aRubaiyat of Omar Khayyám /$ctranslated by Edward Fitzgerald.
=260  \\$aNew York :$bOuting Pub. Co.,$c[1907]
=300  \\$a55 p., [1] leaf of plates :$bill. ;$c18 cm.
=490  0\$aThe golden books$5FU
=490  0\$aThe Golden books
=599  \\$a028558282
=500  \\$aDate of publication taken from Potter.
=510  4\$aPotter$c185
=700  1\$aFitzGerald, Edward,$d1809-1883.
=951  \\$108$aUFU01:001795623;$5FU

