=LDR  01601cjm a2200325I  4500
=001  028592998
=005  20111201104443.0
=007  sd\bsmenn||||e
=008  780901p19751974xx\zzn\\\\\\\\\\\|\\man\\
=010  \\$a   77761847 
=035  \\$a(OCoLC)04187036
=040  \\$aDLC$cTXG$dOCL$dSER$dOCLCQ
=041  0\$dmanwolmis$eeng
=043  \\$afw-----
=050  00$aM1830
=099  \\$aR$a7381
=245  00$aAfrican journey$h[sound recording] ;$b[a search for the roots of the blues].
=260  \\$bVanguard$cp1975.
=300  \\$a2 discs.$banalog, 33 1/3 rpm. stereo.$c12 in.
=490  0\$aEveryman classics$5FMFIU
=490  0\$aNomad series$5FMFIU
=511  0\$aTraditional music performed by members of the Mandingo, Wollof, and other tribes.
=518  \\$aRecorded at various locations in West Africa in 1974 by S. Charters.$5FMFIU
=500  \\$aIn container; durations and program notes by S. Charters ([4] p. ill.) bound in container.$5FMFIU
=505  0\$aSinger/historians and celebrations from the Gambia, Senegal, and Mali: Kelefa ba; Alfayaya; Jola dance; Kedo; Mandingo street drumming; Bowdi; A Fula procession; Almami samari touray.--Funerals, processions, dances, and songs from Ghana, Togo, and the Gambia: A village funeral; Tutujara; Nkaw Kaw Brass Band; Yaha yaha; The Anyinam St. Cecilia Singing Band; The Anyinam St. Cecilia Singing Band; Fra fra musicians; Selati nalim koye; Ewe drumming.$5FMFIU
=650  \0$aMusic, African$zAfrica, West.
=650  \0$aMusic, Mandingo.
=650  \0$aMusic, Wolof.
=700  1\$aCharters, Samuel,$d1929-2015.
=951  \\$104$aFIU01:000839505;$5FMFIU

