=LDR  00928cam a2200301Ia 4500
=001  028629564
=005  20070828112737.0
=008  880801s1987\\\\sp\c\\\\\\\\\\000\0\spa\d
=010  \\$a89869855
=019  \\$a19742417
=020  \\$a8424504852
=020  \\$a9788424504854
=035  \\$a(OCoLC)18296801
=040  \\$aKKU$cKKU$dDLC$dOCL$dOCLCQ
=090  \\$aPQ6666.E358$bB4 1987
=092  \\$a862.64$bP371b
=100  1\$aPedrero, Paloma,$d1957-
=240  10$aBesos de lobo
=245  10$aBesos de lobo ; Invierno de luna alegre /$cPaloma Pedrero.
=260  \\$aMadrid :$bFundamentos,$cc1987.
=300  \\$a128 p. :$bport. ;$c21 cm.
=490  0\$aEspiral ;$v117$5FMFIU
=490  1\$aEspiral/Teatro$5FMFIU
=700  12$aPedrero, Paloma,$d1957-$tInvierno de luna alegre.
=740  0\$aBesos de lobo.
=740  0\$aInvierno de luna alegre.
=830  \0$aEspiral (Editorial Fundamentos).$pTeatro.
=951  \\$104$aFIU01:001326064;$5FMFIU

