=LDR  04614cam a2200805Ia 4500
=001  028667440
=005  20110104130430.0
=006  m\\\\\\\\d\\\\\\\\
=007  cr\cn\|||m|||a
=007  cr\mn|
=008  060804s2006\\\\caua\\\\ob\\\\000\0\eng\d
=020  \\$a1598290495 (electronic bk.)
=020  \\$a9781598290493 (electronic bk.)
=020  \\$a1598290495 (ebook)
=020  \\$a1598290487 (paper)
=020  9\$a9781598290493 (ebook)
=020  9\$a9781598290486 (paper)
=024  7\$a10.2200/S00023ED1V01Y200604BME004$2doi
=035  \\$a(OCoLC)70832599
=035  \\$a(Synthesis)200604BME004
=035  \\$a(CaBNvSL)gtp00531402
=040  \\$aWAU$cWAU$dWAU$dBAKER$dWAU$dUMC$dWAU$dCUS$dPUL$dCIT$dGA0
=050  \4$aRD598.35.A78$bM553 2006
=082  04$a617.4/120592$222
=096  \\$aWO 176
=096  \\$aWG 169.5$bM648a 2006
=100  1\$aMiller, Gerald E.
=245  10$aArtificial organs$h[electronic resource] /$cGerald E. Miller.
=250  \\$a1st ed.
=260  \\$a[San Rafael, Calif.] :$bMorgan & Claypool Publishers,$cc2006.
=300  \\$av, 66 p. :$bdigital, PDF file
=490  1\$aSynthesis lectures on biomedical engineering ;$v#4$5FBoU
=490  1\$aSynthesis lectures on biomedical engineering,$x1932-0336 ;$v#4$5FOFT
=500  \\$aPart of: Synthesis digital library of engineering and computer science.$5FOFT
=500  \\$aTitle from PDF t.p. (viewed on Oct. 29. 2008).$5FOFT
=500  \\$aSeries from website.$5FOFT
=500  \\$aTitle from PDF t.p. (viewed on Aug. 4, 2006).$5FBoU
=504  \\$aIncludes bibliographical references (p. 57-66).
=505  0\$aArtificial heart valves -- Cardiac anatomy and pathophysiology -- Prosthetic heart valves -- Evaluation of prosthetic valves -- Artificial heart and cardiac assist devices -- Cardiac anatomy and pathophysiology -- Heart assist technology -- Evaluation of blood pumps -- Cardiac pacemakers -- Cardiac electrophysiology -- The electrocardiogram -- Cardiac pacemaker -- Pacemaker implantation -- Cardioverter -- Dialysis -- The nephron and mass transfer -- Dialysis procedure and the dialysis system -- History of dialysis -- Dialyzer cartridge reuse -- References.$5FBoU$5FOFT
=506  \\$aAvailable to subscribers only.$5FBoU
=520  \\$aThe replacement or augmentation of failing human organs with artificial devices and systems has been an important element in health care for several decades. Such devices as kidney dialysis to augment failing kidneys, artificial heart valves to replace failing human valves, cardiac pacemakers to reestablish normal cardiac rhythm, and heart assist devices to augment a weakened human heart have assisted millions of patients in the previous 50 years and offers lifesaving technology for tens of thousands of patients each year. Significant advances in these biomedical technologies have continually occurred during this period, saving numerous lives with cutting edge technologies. Each of these artificial organ systems will be described in detail in separate sections of this lecture.
=530  \\$aAlso published in print.$5FOFT
=530  \\$aAlso available in print.$5FBoU
=538  \\$aMode of access: World Wide Web.$5FBoU
=538  \\$aSystem requirements: Adobe Acrobat Reader.$5FBoU
=650  \0$aHeart, Artificial.
=650  \0$aHeart, Mechanical.
=650  \0$aHeart valve prosthesis.
=650  \0$aCardiac pacemakers.
=650  \0$aHemodialysis.
=650  \6$aHémodialyse.
=650  \6$aStimulateurs cardiaques.
=650  \6$aProthèses valvulaires cardiaques.
=650  \6$aCœur-poumon artificiel.
=650  \6$aCœur artificiel.
=650  12$aArtificial Organs.
=650  22$aRenal Dialysis$xinstrumentation.
=690  \4$aArtificial heart and ventricular assist.$5FOFT
=690  \4$aArtificial heart valve.$5FOFT
=690  \4$aCardiac pacemaker.$5FOFT
=690  \4$aDialysis.$5FOFT
=690  \4$aHuman heart and heart surgery.$5FOFT
=690  \4$aHuman kidney.$5FOFT
=730  0\$aSynthesis digital library of engineering and computer science.
=830  \0$aSynthesis lectures on biomedical engineering (Online) ;$v#4.
=830  \0$aSynthesis lectures on biomedical engineering,$x1932-0336 ;$v#4.
=856  40$yClick here for FULL TEXT from Synthesis Digital Library$uhttps://login.ezproxy.net.ucf.edu/login?url=http://dx.doi.org/10.2200/S00023ED1V01Y200604BME004$xxnoindex$5FOFT
=856  40$uhttp://ezproxy.fau.edu/login?url=http://www.morganclaypool.com/doi/pdf/10.2200/S00023ED1V01Y200604BME004$zFull text available:$5FBoU
=951  \\$107$aCFU01:001473856;$5FOFT
=951  \\$102$aFAU01:001846412;$5FBoU

