=LDR  01210nam a2200277K  4500
=001  028701570
=005  20140928144100.0
=007  hd\afb|||baca
=008  000701s1949\\\\dcu\\\\\a\\\\\000|0\eng\d
=035  \\$a(OCoLC)03733085
=040  \\$aGSU$cGSU
=110  1\$aUnited States.$bDepartment of State
=245  10$aDespatches from United States ministers to Japan$hmicroform.
=246  1\$iBox title:$aDespatches from U.S. ministers to Japan, 1855-1906
=260  \\$aWashington :$bNational Archives,$c1949.
=300  \\$a82 microfilm reels ;$c35 mm.
=490  1\$aFile microcopies of records in the National Archives ;$vno. 133$5FTaSU
=490  1\$aGeneral records of the Department of State. Record Group 59$5FTaSU
=500  \\$aRoll 1 includes Register, 1855-1906.$5FTaSU
=651  \4$aUnited States$xForeign relations$zJapan$vSources.
=651  \4$aJapan$xForeign relations$zUnited States$vSources.
=710  2\$aNational Archives (U.S.)
=710  1\$aUnited States.$bEmbassy (Japan).
=830  \0$aNational Archives microfilm publications.$nM ;$vmicrocopy no. 133.
=810  1\$aUnited States.$bDepartment of State.$tRecord group 59, General records of the Dept. of State
=951  \\$105$aFSU01:001830117;$5FTaSU

