=LDR  01694cam a2200397Ia 4500
=001  028737978
=005  20080828162624.0
=008  080313s2008\\\\dcua\\\\\bt\\\000\0\eng\d
=010  \\$a2008920210
=020  \\$a9780309099172
=020  \\$a030909917X
=035  \\$a(OCoLC)213373653
=040  \\$aTRL$cTRL$dOHDOT$dDLC
=050  \4$aTA1001.5$b.N36 no.122
=050  00$aHE4221$b.U53 2008
=090  \\$aTA1205$bT37 no.122
=245  00$aUnderstanding how to motivate communities to support and ride public transportation /$cMindy Rhindress ... [et al.].
=260  \\$aWashington, D.C. :$bTransportation Research Board,$c2008.
=300  \\$a81 p. :$bill. ;$c28 cm.
=490  0\$aTCRP report ;$v122$5FTaSU
=490  1\$aTCRP report,$x1073-4872 ;$v122$5FTS
=500  \\$a"Research sponsored by the Federal Transit Administration in cooperation with the Transit Development Corporation."$5FTS$5FTaSU
=500  \\$aAt head of title: Transit Cooperative Research Program.$5FTS$5FTaSU
=504  \\$aIncludes bibliographical references (p. 80-81).
=505  0\$aTable of contents only:$ahttp://www.loc.gov/catdir/toc/fy0805/2008920210.html$5FTS
=650  \0$aLocal transit$xRidership.
=650  \0$aLocal transit$xManagement.
=650  \0$aLocal transit$xPublic opinion.
=700  1\$aRhindress, Mindy.
=710  1\$aUnited States.$bFederal Transit Administration.
=710  2\$aNational Research Council (U.S.).$bTransportation Research Board.
=710  2\$aTransit Cooperative Research Program.
=710  2\$aTransit Development Corporation.
=830  \0$aReport (Transit Cooperative Research Program) ;$v122.
=951  \\$105$aFSU01:002452566;$5FTaSU
=951  \\$110$aSFU01:001931137;$5FTS

