=LDR  01065cam a22003014a 4500
=001  028772069
=005  20120623060500.0
=008  020123s2002\\\\be\\\\\\\b\\\\000|0\fre\c
=020  \\$a2804605183
=035  \\$a(OCoLC)48964117
=040  \\$aTZT$cTZT$dCGU$dFUG
=042  \\$apcc
=050  \4$aPQ2613.R124$bZ61 2002
=072  \7$aPN$2lcco
=082  14$a809$21
=090  \\$aPQ2613.R124$bZ637 2002
=100  1\$aCarion, Jacques.
=245  10$aJulien Gracq et la poétique du paysage /$cJacques Carion.
=260  \\$aTournai :$bRenaissance du livre,$c2002.
=300  \\$a50 p. ;$c19 cm.
=490  1\$aParoles d'aube$5FU
=490  1\$aConférences des "Midis de la poésie"$5FU
=504  \\$aIncludes bibliographical references.
=500  \\$a"Cet ouvrage est réalisé d'après la conférence donnée le 18 février 1986 aux 'Midis de la Poésie' à Bruxelles."$5FU
=600  10$aGracq, Julien,$d1910-
=650  \0$aPoetry$y20th century$xHistory and criticism.
=830  \0$aParoles d'aube.$pConférences des "Midis de la poésie".
=951  \\$108$aUFU01:002820482;$5FU

