=LDR  01285nam a2200325Ia 4500
=001  028804893
=005  20080128135746.0
=008  781005c19601958nyu\\\\\\\\\\\000|1\eng\d
=020  \\$c{dollar} .35
=035  \\$a(OCoLC)04269928
=040  \\$aIGA$cIGA$dFHU
=090  \\$aPZ1.G215$bFi3
=092  \\$aF$bF586
=130  0\$aGalaxy magazine.
=245  10$a5 Galaxy short novels /$cedited by H. L. Gold.
=246  3\$aFive Galaxy short novels
=260  \\$aNew York :$bPermabooks,$c1960, c1958.
=300  \\$ax, 292 p. ;$c17 cm.
=490  0\$aDouble science fiction$5FTaSU
=490  1\$aPermabook ;$vM4158$5FTS
=500  \\$aCover art by Edward Valigursky.$5FTS
=505  0\$aWallace, F. L. Tangle hold.--Knight, D. World without children.--Gunn, J. E. Wherever you may be.--McIntosh, J. T. Mind alone.--Sturgeon, T. Granny won't knit.$5FTaSU
=505  0\$aTangle hold / F.L. Wallace -- World without children / Damon Knight -- Wherever you may be / James E. Gunn -- Mind alone / J.T. McIntosh --Granny won't knit / Theodore Sturgeon.$5FTS
=650  \0$aScience fiction.
=700  1\$aGold, H. L.
=700  1\$aValigursky, Edward.
=710  2\$aScience Fiction Collection.$5FTS
=830  \0$aPermabooks ;$vM4158.
=951  \\$105$aFSU01:000376736;$5FTaSU
=951  \\$110$aSFU01:000416771;$5FTS

