=LDR  03461nam a22003858i 4500
=001  028838674
=005  20141028104011.0
=006  a\\\\\o\\d\i\\\\\\
=007  cr\||\|||a|n||
=008  101201s2001\\\\fr\\\\\\o\\\\i|0|\0\fre\d
=019  \\$a(FR-PaOEC)9789264295902-fr
=020  \\$a9789264295902
=024  7\$a10.1787/9789264295902-fr$2doi
=035  \\$a(FR-PaOEC)9789264295902-fr
=035  \\$a(OCoLC)721902767
=040  \\$aFR-PaOEC
=090  \\$aLB5$b.O734
=110  2\$aOrganisation de coopération et de développement économiques.
=245  10$aConnaissances et compétences : des atouts pour la vie$h[electronic resource] :$bPremiers résultats de PISA 2000 /$cOrganisation de coopération et de développement économiques
=260  \\$bOECD Publishing,$c2001.
=300  \\$a350 p.
=490  1\$aPISA,$x1996-3785.$5FBoU
=490  1\$aProgramme international pour le suivi des acquis des élèves,$x1996-3785$5FOFT
=520  3\$aCet ouvrage évalue dans quelle mesure les élèves en fin de scolarité obligatoire ont acquis les connaissances et les compétences indispensables pour participer pleinement à la vie en société. Il présente des données sur les compétences des élèves en compréhension de l'écrit ainsi qu'en culture mathématique et scientifique, met en lumière les facteurs qui influencent le développement de ces compétences - tant à l'école qu'à la maison - et en analyse les implications pour les politiques. Le rapport révèle une variation sensible du niveau de compétence entre élèves, entre établissements et entre pays. Il montre aussi que l'impact du milieu socio-économique des élèves et des établissements sur les performances des élèves est très différent selon les pays.
=520  3\$aCet ouvrage évalue dans quelle mesure les élèves en fin de scolarité obligatoire ont acquis les connaissances et les compétences indispensables pour participer pleinement à la vie en société. Il présente des données sur les compétences des élèves en compréhension de l’écrit ainsi qu’en culture mathématique et scientifique, met en lumière les facteurs qui influencent le développement de ces compétences - tant à l’école qu’à la maison - et en analyse les implications pour les politiques. Le rapport révèle une variation sensible du niveau de compétence entre élèves, entre établissements et entre pays. Il montre aussi que l’impact du milieu socio-économique des élèves et des établissements sur les performances des élèves est très différent selon les pays.
=650  \4$aEducation
=775  0\$tKnowledge and Skills for Life: First Results from PISA 2000$z9789264195905$eeng
=775  0\$tLernen für das Leben: Erste Ergebnisse von PISA 2000$z9789264595903$eger
=775  0\$tConocimientos y aptitudes para la vida : Primeros resultados del Programa Internacional de Evaluación de Estudiantes (PISA) 2000 de la OCDE$z9789264065949$espa
=830  \0$aPISA,$x1996-3785.
=856  4\$zFull text available:$uhttp://ezproxy.fau.edu/login?url=http://dx.doi.org/10.1787/9789264295902-fr$5FBoU
=856  40$aoecd-ilibrary.org$uhttps://login.ezproxy.net.ucf.edu/login?url=http://dx.doi.org/10.1787/9789264295902-fr$yClick here for FULL TEXT from OECD$5FOFT
=856  40$uhttp://ezproxy.lib.usf.edu/login?url=http://dx.doi.org/10.1787/9789264295902-fr$yUSF ONLINE ACCESS$5FTS
=951  \\$107$aCFU01:001961982;$5FOFT
=951  \\$102$aFAU01:001857320;$5FBoU

