=LDR  01862nam a2200409Ma 4500
=001  028843025
=005  20111205114017.0
=006  m\\\\\\\\d\\\\\\\\
=008  110125s2010\\\\enk\\\\fo\\\\\000\0\eng\d
=020  \\$a113900168X
=020  \\$a9781139001687
=035  \\$a(OCoLC)723454755
=040  \\$aStDuBDS$cUAB
=050  \4$aPA6484
=082  04$a871.01$222
=245  04$aThe Cambridge companion to Lucretius$h[electronic resource] /$cedited by Stuart Gillespie, Philip Hardie.
=246  30$aLucretius
=260  \\$aCambridge :$bCambridge University Press,$cc2010.
=300  \\$a1 online resource.
=490  1\$aThe Cambridge companions complete collection$5FTS
=490  1\$aThe Cambridge companions to literature and classics$5FTS
=500  \\$a"Cambridge collections online."$5FTS
=500  \\$aTitle from home page (viewed Feb. 7, 2011).$5FTS
=504  \\$aIncludes bibliographical references.
=506  1\$aAccess restricted to authorized users and institutions.$5FTS
=520  8\$aThis is an accessible but thought-provoking introduction to one of the greatest of Latin poets, Lucretius. Contributors discuss Lucretius' 'De Rerum Natura' in its ancient contexts and in its reception both as a literary text and as a vehicle for progressive ideas.
=530  \\$aAlso issued in print format.$5FTS
=538  \\$aMode of access: World Wide Web.$5FTS
=600  10$aLucretius Carus, Titus.$tDe rerum natura.
=700  1\$aGillespie, Stuart,$d1958-
=700  1\$aHardie, Philip R.
=730  0\$aCambridge collections online.
=776  08$iPrint version$z9780521848015
=830  \0$aCambridge companions complete collection.
=830  \0$aCambridge companions to literature and classics.
=856  40$uhttp://ezproxy.lib.usf.edu/login?url=http://dx.doi.org/10.1017/CCOL9780521848015$yUSF ONLINE ACCESS.$5FTS
=951  \\$110$aSFU01:002492432;$5FTS

