=LDR  02465cjm a2200529Ma 4500
=001  028851104
=005  20130723133505.0
=007  sd\fungnnnnned
=007  sd\fungnn\\\eu
=008  000605p20001999fr\mun\\\fi\\\\\\\\\\\\\d
=019  \\$a45114167
=024  1\$a794881503322
=028  00$aHM 57$bHarmonia Mundi
=028  01$aHMN 911699$bHarmonia Mundi
=033  00$a199907--$b5834$cP3
=035  \\$a(OCoLC)44848059
=040  \\$aCUY$cCUY$dOCL$dMUQ$dFNP
=041  0\$gengfreger
=048  \\$asc01
=099  \9$a7209641
=100  1\$aBertrand, Emmanuelle,$d1973-$4itr
=245  10$aMusique du XXe siècle pour violoncelle seul$h[sound recording] /$cDutilleux ... [et al.].
=246  28$aŒuvres pour violoncelle seul
=246  3\$aMusique du 20e siècle pour violoncelle seul
=246  3\$aMusique du vingtième siècle pour violoncelle seul
=260  \\$aArles, [France] :$bHarmonia Mundi,$cp2000.
=300  \\$a1 sound disc :$bdigital ;$c4 3/4 in.
=306  \\$a001037$a000757$a001148$a001028$a001904
=490  1\$aLes nouveaux interpretes$5FJUNF
=490  1\$aLes nouveaux interprètes$5FTaSU
=500  \\$aCompact disc.$5FTaSU$5FJUNF
=500  \\$aBiographical notes on the performer, and program notes by the performer in English, French, and German (10 p.) inserted in container.$5FTaSU$5FJUNF
=505  0\$aTrois strophes sur le nom de SACHER / Henri Dutilleux (10:37) -- Sérénade / Hans Werner Henze (7:57) -- Sonate / George Crumb -- Sonate / György Ligeti (10:28) -- Suite no. 4, op. 50 / Nicolas Bacri (19:04).$5FTaSU
=505  00$tTrois strophes sur le nom de SACHER /$rHenri Dutilleux$g(10:37) --$tSérénade /$rHans Werner Henze$g(7:57) --$tSonate /$rGeorge Crumb --$tSonate /$rGyörgy Ligeti$g(10:28) --$tSuite no. 4, op. 50 /$rNicolas Bacri$g(19:04).$5FJUNF
=511  0\$aEmmanuelle Bertrand, violoncello.
=518  \\$aRecorded July 1999, Studio 107, Radio France.$5FTaSU$5FJUNF
=650  \0$aCello music.
=650  \0$aSonatas (Cello)
=650  \0$aSuites (Cello)
=700  12$aBacri, Nicolas.$tSuites,$mvioloncello,$nno. 4.
=700  12$aLigeti, György,$d1923-2006.$tSonatas,$mvioloncello.
=700  12$aCrumb, George.$tSonatas,$mvioloncello.
=700  12$aHenze, Hans Werner,$d1926-2012.$tSerenades,$mvioloncello.
=700  12$aDutilleux, Henri,$d1916-2013.$tStrophes sur le nom de Sacher.
=830  \0$aNouveaux interprètes
=951  \\$105$aFSU01:001840049;$5FTaSU
=951  \\$109$aNFU01:000498530;$5FJUNF

