=LDR  01337nam a2200337 a 4500
=001  028881455
=005  20120623083700.0
=008  870323s1986\\\\onc\\\\\\bd\\f000|0\eng\\
=010  \\$a   87124709 
=035  \\$a(OCoLC)15097215
=040  \\$aDLC$cDLC$dFDA
=041  0\$aeng$bfre
=050  0\$aPM1282$b.L56 1986
=082  0\$a497.3$219
=100  1\$aLincoln, Neville J.
=245  10$aPhonology, dictionary, and listing of roots and lexical derivates of the Haisla language of Kitlope and Kitimaat, B.C. /$cNeville J. Lincoln, John C. Rath.
=260  \\$a[Ottawa] :$bNational Museums of Canada,$c1986.
=300  \\$a2 v. (x, 511 p.) ;$c28 cm.
=440  \0$aMercury series,$x0316-1854 =$aCollection Mercure$5FU
=490  1\$aPaper / Canadian Ethnology Service,$x0316-1862 ;$vno. 103 =$aDossier / Le Service canadien d'ethnologie ;$vno 103$5FTaSU$5FU
=490  1\$aMercury series,$x0316-1854 =$aCollection Mercure$5FTaSU
=500  \\$aAbstract in French.$5FTaSU$5FU
=504  \\$aBibliography: p. 511.
=650  \0$aHaisla language$xDictionaries$xEnglish.
=650  \0$aHaisla language$xPhonology.
=650  \0$aHaisla language$xRoots.
=700  1\$aRath, John C.
=830  \0$aMercury series.
=830  \0$aPaper (Canadian Ethnology Service) ;$vno. 103.
=951  \\$105$aFSU01:000825812;$5FTaSU
=951  \\$108$aUFU01:000989002;$5FU

