=LDR  01633cas a2200385   4500
=001  028917055
=005  20120623061700.0
=008  770525c19679999gauar1\\\r\\\f0|||a0eng\d
=010  \\$a   67061689 $zsn 79006366
=035  \\$a(OCoLC)02993658
=040  \\$aGPO$cGPO$dNSD$dMKC$dUCU$dNSD$dMUL$dDLC$dm.c.$dFUH
=042  \\$ansdp$alc
=050  0\$aRA1242.T6$bD57
=060  \\$aQV 22 AA1 D6
=074  \\$a483-L-4
=082  0\$a616.86/5/0072073
=086  0\$aHE 20.7015:
=245  00$aDirectory of on-going research in smoking and health.
=260  \\$aRockville, Md. :$bDept. of Health and Human Services, Office on  Smoking and Health;$a[Washington,$bfor sale by the Supt. of Docs., U.S. Govt. Print. Off.]
=300  \\$av.$c28 cm.
=362  0\$a1967-$5FU
=440  \0$aPublic Health Service Publication ;$vno. 1665$5FU
=490  0\$a1976- : DHEW publication$5FU
=490  0\$a1967- : Public Health Service publication$5FU
=520  \\$aThe Directory contains research resumes from the U.S. and other countries.
=550  \\$aVols. for 1967- , 1976 issued by National Clearinghouse for Smoking and Health.
=500  \\$aVols. for 1989/90- issued with PROSE (Project Search) diskette.$5FU
=650  \0$aTobacco$xToxicology$xResearch$vDirectories.
=650  \0$aTobacco$xPhysiological effect$xResearch$vDirectories.
=650  \0$aSmoking$xResearch$vDirectories.
=650  \2$aResearch$xdirectory
=650  \2$aSmoking$xdirectory
=710  2\$aNational Clearinghouse for Smoking and Health.
=710  2\$aWorld Health Organization.$bCollaborating Centre for Reference on Smoking and Health
=951  \\$108$aUFU01:000340537;$5FU

