=LDR  00984cam a2200277I  4500
=001  028943810
=005  20120623061900.0
=008  750311s1925\\\\iluf\\\\\b\\\\000|0\enge\
=010  \\$a   25013887 
=035  \\$a(OCoLC)01209506
=040  \\$aDLC$cBBH$dOCL$dm.c.$dFHM
=050  \\$aQL1$b.F4 vol. 14, no. 3
=051  \\$aQL937$b.O3$cCopy 2
=100  1\$aObenchain, Jeannette Brown.
=245  14$aThe brains of the South American marsupials Caenolestes and Orolestes,$cby Jeannette Brown Obenchain.
=260  \\$aChicago,$c1925.
=300  \\$a1 p. l., p. 175-232.$bpl. XXIV-XXXVI.$c25 cm.
=490  1\$aZoological series,$vv. 14, no. 3$5FTS
=490  1\$aField Museum of Natural History. Publication$v224$5FTS
=504  \\$aBibliography: p. 227-229.
=650  \0$aCaenolestes.
=650  \0$aOrolestes.
=650  \0$aBrain.
=830  \0$aZoological series (Chicago, Ill.),$vv. 14, no. 3
=830  \0$aPublication (Field Museum of Natural History),$v224
=951  \\$110$aSFU01:000393990;$5FTS

