=LDR  01539cam a2200325Ka 4500
=001  028961274
=005  20120623073000.0
=008  930607s1992\\\\cau\\\\\b\\\\f000|0\eng\d
=035  \\$a(OCoLC)28227262
=037  \\$aN 92-33424$bNASA
=040  \\$aGPO$cGPO
=074  \\$a0830-H-14 (MF)
=086  0\$aNAS 1.26:1908306
=100  1\$aGasperas, Gediminis.
=245  10$aHigh speed transition prediction$hmicroform /$cGediminis Gasperas.
=260  \\$aSan Jose, CA :$bMCAT Institute ;$a[Washington, DC :$bNational Aeronautics and Space Administration ;$aSpringfield, Va. :$bNational Technical Information Service, distributor,$c1992]
=300  \\$a1 v.
=490  0\$aNASA-CR ;$v190836$5FTaSU$5FU$5FTS$5FBoU
=490  0\$aMCAT Institute progress report ;$v92-017$5FTaSU$5FU$5FTS$5FBoU
=500  \\$aShipping list no.: 93-0236-M.$5FTaSU$5FU$5FTS$5FBoU
=500  \\$aDistributed to depository libraries in microfiche.$5FU$5FTS$5FBoU
=533  \\$aMicrofiche.$b[Washington, D.C. :$cNational Aeronautics and Space Administration,$d1992]$e1 microfiche : negative ; 11 x 15 cm.$5FTaSU
=533  \\$aMicrofiche.$b[Washington, D.C. :$cNational Aeronautics and Space Administration,$d1992]$e1 microfiche.$5FU$5FTS$5FBoU
=650  \0$aStability of airplanes.
=710  1\$aUnited States.$bNational Aeronautics and Space Administration.
=830  \0$aNASA contractor report ;$vNASA CR-190836.
=951  \\$102$aFAU01:000479705;$5FBoU
=951  \\$105$aFSU01:001339667;$5FTaSU
=951  \\$110$aSFU01:000927475;$5FTS
=951  \\$108$aUFU01:001829389;$5FU

