=LDR  01077nam a2200289Ii 4500
=001  028993473
=005  20120623062400.0
=008  790131s1951\\\\yu\\\\\\\b\\\\001|0\sccrd
=035  \\$a(OCoLC)04603288
=040  \\$aIUL$cIUL$dFDA
=041  0\$ascc$bger
=043  \\$ae-yu---
=090  \\$aAS346$b.B53 knj.182
=100  1\$aPetrović, Dragoljub S.
=245  10$aStrane vrste drveća (egzoti) u Srbiji /$cinž. Dr Dragoljub S. Petrović.
=260  \\$aBeograd :$bNaučna knjiga,$c1951.
=300  \\$a180 p. ;$c25 cm.
=490  0\$aPosebna izdanja - Srpska akademija nauka ; knj. 182$5FTaSU
=490  0\$aInstitut za fiziologiju razvića, genetiku i selekciju Srpske akademije nauka ; knj. 1$5FTaSU
=500  \\$aSerbo-Croatian in Cyrillic script.$5FTaSU
=500  \\$aSummary in German.$5FTaSU
=500  \\$aAdded t.p.: Die fremdlandischen holzarten (exoten) in Serbien.$5FTaSU
=500  \\$aIncludes index.$5FTaSU
=504  \\$aBibliography: p. 176.
=650  \0$aTrees$zSerbia.
=740  0\$aFremdlandischen holzarten (exoten) in Serbien.
=951  \\$105$aFSU01:000389259;$5FTaSU

