=LDR  01165cam a2200277I  4500
=001  029012232
=005  20150223141500.0
=008  930804s1954\\\\flu\\\\\\\\\\s000|0\eng\d
=035  \\$a(OCoLC)28563617
=040  \\$aFDA$cFDA
=090  \\$aS49$b.A53, no.155
=099  \\$a630.5$aF6366bu$ano. 155
=100  1\$aBrooks, T. J.$q(Thomas Joseph),$db. 1870.
=245  10$aFlorida and the rest of the world :$ba treatise on the interrelationship of the industries and economics of all countries as they affect Florida agriculture /$cissued by T. J. Brooks.
=260  \\$aTallahassee, Fla. :$bDept. of Agriculture,$c1954.
=300  \\$a61 p. ;$c23 cm.
=490  0\$aDept. of Agricuture Bulletin [new series] ;$vno. 155$5FU
=490  0\$aDept. of Agriculture Bulletin [new series ] ;$vno. 155$5FTaSU
=500  \\$aCover title.$5FTaSU$5FU
=500  \\$a"May 1954"$5FTaSU$5FU
=650  \0$aAgriculture$zFlorida.
=651  \0$aFlorida$xCommerce.
=710  1\$aFlorida.$bDepartment of Agriculture.$tBulletin [new ser.]$vno. 193$5FOFT
=830  \0$aBulletin (Florida. Department of Agriculture) ;$vno.155
=951  \\$105$aFSU01:001343776;$5FTaSU
=951  \\$108$aUFU01:001963065;$5FU

