=LDR  00953nam a2200277Ii 4500
=001  029043114
=005  20120623062900.0
=008  790301s1957\\\\yu\a\\\\\b\\\\001|0\sccrd
=035  \\$a(OCoLC)04704471
=040  \\$aIUL$cIUL$dm.c.$dFDA
=041  0\$ascc$bfre
=090  \\$aAS346$b.B53 knj.281
=100  1\$aKatić, Relja V.
=245  10$aTetanus /$cRelja Katić.
=260  \\$aBeograd :$bNaučno delo,$c1957.
=300  \\$av, 207 p. :$bill. ;$c25 cm.
=490  0\$aSrpska akademija nauka. Posebna izdanja ; knj. 281$5FTaSU
=490  1\$aOdeljenje medicinskih nauka ; knj. 8$5FTaSU
=500  \\$aSerbo-Croatian in Cyrillic script.$5FTaSU
=500  \\$aAdded t.p.: Le tétanos.$5FTaSU
=500  \\$aSummary in French.$5FTaSU
=504  \\$aBibliography: p. [167]-199.
=650  \0$aTetanus.
=740  0\$aTétanos.
=830  \0$aPosebna izdanja (Srpska akademija nauka).$pOdeljenje medicinskih nauka (Series) ;$vknj. 8.
=951  \\$105$aFSU01:000392684;$5FTaSU

