=LDR  01940nam a2200397 a 4500
=001  029067683
=005  20120623081000.0
=008  820722s1982\\\\dcua\\\\\b\\\\000|0\eng\d
=010  \\$a   82060219 
=020  \\$a0309034124 :$c{dollar}7.20
=020  \\$a0309034124 (pbk.) :$c{dollar}7.20
=035  \\$a(OCoLC)08622260
=040  \\$aDLC$cDLC$dFUG
=050  0\$aTE7$b.N25 no. 246
=082  0\$a625.7 s$a625.8/5$219
=090  \\$aTE7$b.N25 no.246
=100  1\$aLottman, Robert P.
=245  10$aPredicting moisture-induced damage to asphaltic concrete :$bfield evaluation /$cR.P. Lottman ; research sponsored by the American Association of State Highway and Transportation Officials in cooperation with the Federal Highway Administration.
=260  \\$aWashington, D.C. :$bTransportation Research Board, National Research Council,$c[1982]
=300  \\$a50 p. :$bill. ;$c28 cm.
=490  0\$aReport / National Cooperative Highway Research Program,$x0077-5614 ;$v246$5FTaSU
=490  1\$aNational Cooperative Highway Research Program report,$x0077-5614 ;$v246$5FU
=500  \\$a"Research sponsored by the American Association of State Highway and Transportation Officials in cooperation with the Federal Highway Administration."$5FTaSU
=500  \\$a"Project 4-8(3) FY '76"--Verso t.p.$5FU
=500  \\$a"May 1982."$5FU
=504  \\$aIncludes bibliographical references.
=650  \0$aAsphalt concrete$xMoisture$xTesting.
=650  \0$aPavements, Asphalt concrete$xTesting.
=650  \0$aAsphalt concrete$xPermeability$xTesting.
=710  1\$aUnited States.$bFederal Highway Administration.
=710  2\$aAmerican Association of State Highway and Transportation Officials.
=710  2\$aUniversity of Idaho.
=710  2\$aNational Research Council (U.S.).$bTransportation Research Board.
=830  \0$aReport (National Cooperative Highway Research Program) ;$v246.
=951  \\$105$aFSU01:000490898;$5FTaSU
=951  \\$108$aUFU01:000351240;$5FU

