=LDR  01203cam a2200337Ia 4500
=001  029107471
=005  20120216073830.0
=008  880711s1985\\\\maua\\\\\tb\\f000\0\eng\d
=035  \\$a(OCoLC)18198141
=040  \\$aGPO$cGPO$dSYB
=050  14$aD301.45/4:85-0179
=074  \\$a421-E-6 (microfiche)
=086  0\$aD 301.45/4:85-0179
=086  0\$aD 301.45/10:330
=100  1\$aGaunt, David N.
=245  10$aAutomated system for resolving the position of solar radio bursts /$cDavid N. Gaunt.
=260  \\$aHanscom AFB, MA :$bSpace Physics Division, Air Force Geophysics Laboratory,$c[1985]
=300  \\$aiii, 11 p. :$bill. ;$c28 cm.
=490  1\$aAFGL-TR ;$v85-0179$5FU
=490  1\$aInstrumentation papers ;$vno. 330$5FU
=513  \\$aScientific. Interim.
=500  \\$aCover title.$5FU
=500  \\$aDistributed to depository libraries in microfiche.$5FU
=500  \\$a"19 August 1985."$5FU
=536  \\$d61102F,$d2311,$dG1,$d12.
=650  \0$aSolar flares.
=650  \0$aSolar radio emission.
=710  2\$aU.S. Air Force Geophysics Laboratory.$bAtmospheric Sciences Division.
=830  \0$aAFGL-TR ;$v85-0179.
=830  \0$aInstrumentation papers ;$vno. 330.
=951  \\$108$aUFU01:001342956;$5FU

