=LDR  02564nam a2200577Ki 4500
=001  032995477
=005  20141010092529.0
=008  141010s1817\\\\dcu\\\\\\\\\\f000\0\eng\d
=035  \\$a(OCoLC)892729827
=040  \\$aFUG$beng$erda$cFUG
=043  \\$an-us---
=049  \\$aFUGG
=086  0\$aY 1.1/:CT/5
=086  0\$aY 1.1/7:15-1
=110  1\$aUnited States.$bPresident (1817-1825 : Monroe),$eauthor.
=245  10$aMessage from the President of the United States to both houses of Congress at the commencement of the first session of the Fifteenth Congress.
=264  \3$aWashington City :$bEdward De Krafft, printer,$c1817.
=264  \2$aWashington, D.C. :$bUnited States Government Printing Office,$c1817.
=300  \\$a11 pages ;$c23 cm
=336  \\$atext$btxt$2rdacontent
=337  \\$aunmediated$bn$2rdamedia
=338  \\$avolume$bnc$2rdacarrier
=490  1\$a[H.doc.] ;$vNo. 15-1
=490  1\$aU.S. congressional serial set ;$v5
=500  \\$aAt head of title: [1].
=500  \\$a"December 2, 1817, printed by order of the Senate of the United States."
=588  \\$aThis bibliographic record is available under the Creative Commons CC0 public domain dedication. The University of Florida Libraries, as creator of this bibliographic record, has waived all rights to it worldwide under copyright law, including all related and neighboring rights, to the extent allowed by law.
=651  \0$aUnited States$xPolitics and government$y1817-1825.
=651  \0$aUnited States$xForeign relations$y1817-1825.
=650  \0$aPresidents$zUnited States$vMessages.
=700  1\$aMonroe, James,$d1758-1831$eauthor.
=710  1\$aUnited States.$bCongress$n(15th, 1st session :$d1817-1818),$eissuing body.
=830  \0$aUnited States congressional serial set ;$v5.
=830  \0$aHouse document (United States. Congress. House) ;$v15-1.
