=LDR  00718cam  2200217Ia 4500
=001  029131656
=005  20120623063700.0
=008  890605s1982\\\\ja\ab\\\\\\\\\000|j\jpn\d
=020  \\$a4061317636
=035  \\$a(OCoLC)22823772
=040  \\$aNJR$cNJR$dOCL$dFGM
=066  \\$c{dollar}1
=090  \\$aPL850.J5242$bS58 1982
=100  1\$6880-01$aFujisawa, Shūhei,$d1927-
=245  10$6880-02$aShunjyū no ori /$cFujisawa Shūhei.
=260  \\$6880-03$aTōkyō :$bKōdansha,$cShōwa 57 [1982]$g(Shōwa 59 [1984] printing)
=300  \\$a295 p. :$bill., map ;$c15 cm.
=490  0\$6880-04$aGokui Tachibana Noboru tebikae$5FBoU
=490  0\$6880-05$aKōdansha bunko$5FBoU
=500  \\$aShort stories.$5FBoU
=951  \\$102$aFAU01:000960890;$5FBoU

