=LDR  01003cam a2200229I  4500
=001  029169413
=005  20120623064000.0
=008  741029s1965\\\\xx\\\\\\\\\\\\000|0\eng\u
=010  \\$a   66007239 
=035  \\$a(OCoLC)01060104
=040  \\$cIWU$dOCL$dm.c.$dFDA
=050  0\$aTX611.5$b.J6
=245  04$aThe technical basis for legislation on irradiated food :$breport of a joint FAO/IAEA/WHO expert committee, Rome, 21-28 April 1964.
=260  \\$aRome :$bFood and Agriculture Organization of the United Nations,$c1965.
=300  \\$axi, 54 p. ;$c23 cm.
=490  0\$aFAO atomic energy series no. 6$5FTaSU
=490  1\$aWorld Health Organization. Technical report series :$vno. 316.$5FTaSU
=504  \\$aIncludes bibliographical references.
=650  \0$aRadiation preservation of food.
=710  2\$aJoint FAO/IAEA/WHO Expert Committee on the Technical Basis for Legislation on Irradiated Food.
=830  \0$aTechnical report series (World Health Organization) ;$vno. 316.
=951  \\$105$aFSU01:001354798;$5FTaSU

