=LDR  01014nam a2200277Ia 4500
=001  029200392
=005  20120623070400.0
=008  860905s1982\\\\sp\a\\\\\b\\\\000|1\spa\d
=020  \\$a8470640240 (pbk.)
=035  \\$a(OCoLC)14185682
=040  \\$aMNO$cMNO$dFGM
=090  \\$aPQ6434$b.D7 1982
=100  1\$aMolina, Tirso de,$d1571?-1648.
=245  10$aDon Gil de las calzas verdes /$cTirso de Molina ; edición, prólogo y notas por Ildefonso Manuel Gil.
=250  \\$a5a ed., ilustrada.
=260  \\$aZaragoza :$bEditorial Ebro,$cc1982.
=300  \\$a142 p. :$bill. ;$c17 cm.
=490  0\$aBiblioteca clásica Ebro. Clásicos españoles ;$v92$5FBoU$5FMFIU
=490  0\$aSerie Teatro ;$v32$5FBoU
=490  1\$aClæsicos Ebro. Serie Teatro ;$v32$5FMFIU
=504  \\$aIncludes bibliographical references.
=700  1\$aGil, Ildefonso Manuel.
=830  \0$aBiblioteca clásica Ebro ;$v[92]
=830  \0$aSerie Teatro (Madrid, Spain) ;$v32.
=951  \\$102$aFAU01:000431373;$5FBoU
=951  \\$104$aFIU01:000435542;$5FMFIU

