=LDR  01402aam a2200313 a 4500
=001  029219749
=005  20120623064400.0
=008  920316s1992\\\\waua\\\\\b\\\\101|0\eng\\
=010  \\$a   92080043 
=020  \\$a0819407879
=035  \\$a(OCoLC)26038245
=040  \\$aDLC$cDLC$dAZU$dWAU
=050  00$aR857.L37$bP76 1992
=082  00$a616.07/54$220
=096  \\$aWX 147$bP963 1992
=245  00$aProceedings of physiological monitoring and early detection diagnostic methods :$b22-23 January 1992, Los Angeles, California /$cThomas S. Mang, chair/editor ; sponsored by SPIE--The International Society for Optical Engineering.
=260  \\$aBellingham, Wash. :$bSPIE (The Society of Photo-Optical Instrumentation Engineers),$cc1992.
=300  \\$aix, 257 p. :$bill. ;$c28 cm.
=490  1\$aProgress in biomedical optics$5FTS
=490  1\$aSPIE proceedings series ;$vv. 1641$5FTS
=504  \\$aIncludes bibliographical references and index.
=650  \0$aLasers in medicine$xCongresses.
=650  \0$aPatient monitoring$xCongresses.
=700  1\$aMang, Thomas Stephan.
=710  2\$aSociety of Photo-optical Instrumention Engineers.
=740  0\$aPhysiological monitoring and early detection diagnostic methods.
=830  \0$aProceedings of SPIE--the International Society for Optical Engineering ;$vv. 1641.
=830  \0$aProgress in biomedical optics (Unnumbered)
=951  \\$110$aSFU01:000906834;$5FTS

