=LDR  01060nam a2200241 a 4500
=001  029244887
=005  20101201092733.0
=008  851028s1984\\\\enk\\\\\\\\\\\000|0\eng\d
=010  \\$agb 85035825 
=015  \\$aGB85-35825
=035  \\$a(OCoLC)12908059
=040  \\$aUKM$cUKM$dFDA
=050  1\$aHQ1064.G7
=100  1\$aWarnes, A. M.$q(Anthony M)
=245  10$aResidential proximity intergenerational relations and support of the elderly :$ba research proposal /$cA.M. Warnes.
=260  \\$aLondon (Strand WC2R 2LS) :$bUniversity of London King's College, Department of Geography,$c1984.
=300  \\$a23 p. ;$c30 cm.
=490  0\$aOccasional paper / University of London, King's College, Department of Geography,$x0309-2178 ;$vno.18$5FTaSU
=490  0\$aWorking paper / Residential Proximity, Intergenerational Relations and the Support of the Elderly (Project)$5FTaSU
=504  \\$aBibliography: p. 18-23.
=650  \0$aOlder people$xFamily relationships$zGreat Britain.
=710  2\$aKing's College London.$bDept. of Geography
=951  \\$105$aFSU01:001360029;$5FTaSU

