=LDR  01456nam a2200313I  4500
=001  029265496
=005  20120113131508.0
=008  090324e196509\\maua\\\\\tb\\f000\0\eng\d
=035  \\$a(OCoLC)316854181
=040  \\$aLHL$cLHL
=086  0\$aD 301.45/4-3:65-141
=088  \\$aAFCRL 65-702
=100  1\$aCase, Carl T.
=245  13$aOn Transient wave propagation in a plasma /$cCarl T. Case.
=260  \\$aL. G. Hanscom Field, Mass. :$bAir Force Cambridge Research Laboratory, Office of Aerospace Research, United States Air Force,$c1965.
=300  \\$a[1], 2 p. :$bill. ;$c27 cm.
=490  1\$aAFCRL ;$v65-702$5FU
=490  1\$aPhysical sciences research papers ;$vNo. 141$5FU
=500  \\$a"September 1965."$5FU
=500  \\$aMicrowave Physics Laboratory Project 4642.$5FU
=500  \\$aResearch supported by the Microwave Physics Laboratory, Air Force Cambridge Research Laboratory, Office of Aerospace Research, United States Air Force, L. G. Hanscom Field, Bedford, Massachusetts.$5FU
=500  \\$aReprinted from the Proceedings of the IEEE, Vol 53, No. 7, pp. 730-731, July 1965.$5FU
=504  \\$aIncludes bibliographical references.
=650  \0$aPlasma (Ionized gases)
=650  \0$aElectromagnetic waves.
=710  2\$aAir Force Cambridge Research Laboratories (U.S.)
=830  \0$aPhysical sciences research papers (Air Force Cambridge Research Laboratories (U.S.)) ;$vNo. 141.
=830  \0$aAFCRL ;$v65-702.
=951  \\$108$aUFU01:005458389;$5FU

