=LDR  00940nam a2200277Ia 4500
=001  029296557
=005  20120623065000.0
=008  021209s2002\\\\caua\\\\\\\\\\001|0\eng\d
=020  \\$a1590590457
=035  \\$a(OCoLC)51181541
=040  \\$aVYF$cVYF$dFGM
=090  \\$aQA76.73.C154$bM236 2002
=100  1\$aMacDonald, Matthew.
=245  10$aUser interfaces in C# :$bwindows forms and custom controls /$cMatthew Macdonald.
=246  30$aWindows forms and custom controls
=260  \\$aBerkley, CA :$bApress,$cc2002.
=300  \\$axxx, 586 p. :$bill. ;$c24 cm.
=490  0\$aBooks for professionals by professionals$5FBoU
=490  0\$aThe expert's voice$5FBoU
=490  0\$a.NET developer series$5FBoU
=500  \\$aIncludes index.$5FBoU
=650  \0$aC# (Computer program language)
=650  \0$aInternet programming.
=650  \0$aInput design, Computer.
=650  \0$aUser interfaces (Computer systems)
=951  \\$102$aFAU01:000972348;$5FBoU

