=LDR  01767cam a2200397 a 4500
=001  029321612
=005  20101108114528.0
=008  970616r19981951dcua\\\\\\\\\\001|0\eng\\
=010  \\$a   97023500 
=020  \\$a1574881302 (hardcover)
=035  \\$a(OCoLC)37187439
=040  \\$aDLC$cDLC$dDLC
=043  \\$amm-----$an-us---
=050  00$aD766$b.W28 1998
=082  00$a940.54/23$221
=130  0\$aWar against Germany and Italy.
=245  14$aThe war in the Mediterranean :$ba WWII pictorial history /$cCenter of Military History, United States Army.
=250  \\$a1st Brassey's ed.
=260  \\$aWashington :$bBrassey's,$c1998.
=300  \\$a465 p. :$bchiefly ill. ;$c27 cm.
=490  1\$aUnited States Army in World War II$5FU
=490  1\$aAn AUSA Institute of Land Warfare book$5FU
=500  \\$aCompilers: John C. Hatlem and Kenneth E. Hunter, assisted by Margaret E. Tackley.$5FU
=500  \\$aOriginally published: The war against Germany and Italy : Mediterranean and adjacent areas. Washington : Office of the Chief of Military History, Dept. of the Army, 1951, in series: United States Army in World War II. Pictorial record and in series: CMH pub ; 12-2.$5FU
=500  \\$aIncludes index.$5FU
=610  10$aUnited States.$bArmy$xHistory$yWorld War, 1939-1945$vPictorial works.
=650  \0$aWorld War, 1939-1945$xCampaigns$zMediterranean Region$vPictorial works.
=700  1\$aHatlem, John C.
=700  1\$aHunter, Kenneth E.
=700  1\$aTackley, Margaret E.
=710  2\$aCenter of Military History.
=830  \0$aUnited States Army in World War II.
=830  \0$aAUSA Institute of Land Warfare book.
=830  \0$aUnited States Army in World War II.$pPictorial record.
=830  \0$aCMH pub ;$v12-2.
=951  \\$108$aUFU01:002373261;$5FU

