=LDR  00942cam a2200289Ia 4500
=001  029344490
=005  20110705140021.0
=008  980522s1998\\\\it\\\\\\\b\\\\001|0bita\d
=020  \\$a8817172243
=035  \\$a(OCoLC)39170676
=040  \\$aC3L$cC3L$dPIT$dFUG
=041  0\$aitafre
=043  \\$ae-it---
=090  \\$aPQ4691$b.A4 1998
=100  1\$aFoscolo, Ugo,$d1778-1827.
=240  10$aCorrespondence.$kSelections
=245  10$aLettere d'amore /$cUgo Foscolo ; introduzione e note di Guido Bezzola.
=250  \\$a2a ed.
=260  \\$aMilano :$bBiblioteca universale Rizzoli,$c1998.
=300  \\$a639 p. ;$c18 cm.
=490  1\$aClassici della BUR$5FU
=490  0\$aBUR ;$vL1224$5FU
=504  \\$aIncludes bibliographical references (p. 35-[38]) and index.
=600  10$aFoscolo, Ugo,$d1778-1827$vCorrespondence.
=650  \0$aPoets, Italian$y19th century$vCorrespondence.
=830  \0$aClassici della BUR.
=951  \\$108$aUFU01:002374607;$5FU

