=LDR  01606cam a2200361I  4500
=001  029370863
=005  20120113142429.0
=008  090305e196404\\maua\\\\\tb\\f000\0\eng\d
=035  \\$a(OCoLC)312403704
=040  \\$aLHL$cLHL$dLHL
=086  0\$aD 301.45/4-3:64-72
=088  \\$aAFCRL 64-72
=088  \\$aAD 603593
=100  1\$aZapp, Hans Roland.
=245  10$aFerrimagnetic resonance relations for magnetocrystalline anisotropy in cubic crystals /$cHans Roland Zapp.
=260  \\$aL. G. Hanscom Field, Mass. :$bAir Force Cambridge Research Laboratories, Office of Aerospace Research, United States Air Force,$c1964.
=300  \\$aix, 100 p. :$bill., tables ;$c28 cm.
=490  1\$aSpecial reports ;$vNo. 2$5FU
=490  1\$aAFCRL ;$v64-72$5FU
=500  \\$a"April 1964."$5FU
=500  \\$aAD0603593 (from http://www.dtic.mil).$5FU
=500  \\$aAt head of title: "Research Report".$5FU
=500  \\$aSolid State Sciences Laboratory Project 5621.$5FU
=500  \\$aAlso published as authors thesis.$5FU
=500  \\$aResearch supported by the Solid State Sciences Laboratory, Air Force Cambridge Research Laboratories, Office of Aerospace Research, United States Air Force, L.G. Hanscom Field, Massachusetts.$5FU
=504  \\$aIncludes bibliographical references (p. 47).
=650  \0$aMagnetic materials.
=650  \0$aCrystals$xStructure.
=650  \0$aMagnetic resonance.
=710  2\$aAir Force Cambridge Research Laboratories (U.S.)
=830  \0$aSpecial reports (Air Force Cambridge Research Laboratories (U.S.)) ;$vNo. 2.
=830  \0$aAFCRL ;$v64-72.
=951  \\$108$aUFU01:005464838;$5FU

