=LDR  01393cam a2200361Ki 4500
=001  029396557
=005  20100723125342.0
=008  800912s1979\\\\onca\\\\\b\\\\000|0\engm\
=010  \\$a   80493032 //r83
=035  \\$a(OCoLC)05510746
=040  \\$aGSU$cGSU$dOCL$dFDA
=041  0\$aeng$bfre
=043  \\$an-cn-on
=050  0\$aN6546.O5$bP37
=082  0\$a745/.088287$219
=090  \\$aCB5$b.C36 no. 27
=100  1\$aPatterson, Nancy-Lou.
=245  10$aSwiss-German and Dutch-German Mennonite traditional art in the Waterloo region, Ontario /$cNancy-Lou Gellermann Patterson.
=260  \\$aOttawa :$bNational Museums of Canada,$c1979.
=300  \\$aiii, 216 p. (p. 211-216 advertisements) :$bill. ;$c28 cm.
=440  \0$aMercury series$x0316-1854$5FU
=490  0\$aMercury series$x0316-1854$5FTaSU
=490  1\$aPaper - Canadian Centre for Folk Culture Studies ; no. 27$x0316-1897$5FTaSU$5FU
=500  \\$aSummary in French.$5FTaSU$5FU
=504  \\$aBibliography: p. 206-210.
=650  \0$aMennonites$zOntario$xSocial life and customs.
=650  \0$aMennonite art$zOntario.
=650  \0$aEthnic art$zOntario$zWaterloo County
=650  \0$aArt, Mennonite$zOntario$zWaterloo County
=650  \0$aMennonites$zOntario$zWaterloo County.
=830  \0$aPaper (Canadian Centre for Folk Culture Studies) ;$vno. 27.
=951  \\$105$aFSU01:000416068;$5FTaSU
=951  \\$108$aUFU01:000418589;$5FU

