=LDR  02305ccm a2200421Ia 4500
=001  029447204
=005  20140224202952.0
=006  jmun\\\\\\\\\\\\\\
=008  970520s1997\\\\flumua\\\h\\\\\n\|\\fre\d
=020  \\$a1576237257 :$c{dollar}19.95
=028  32$aBMR05122$bWarner Bros. Publications
=028  00$aPP2182$bWarner Bros. Publications
=035  \\$a(OCoLC)36933550
=040  \\$aORU$cORU$dCPL
=041  1\$afreeng$hfre$geng
=043  \\$ae-fr---
=047  \\$afm$adf
=090  \\$aM1730$b.F644 1997
=099  \9$aHd.AG$aWarB$aGr.K-6$a1997$aF73
=245  00$aFolk dances from France :$bwith easy to follow dance graphics and Orff and percussion arrangements /$ceditor, Debbie Cavalier ; [translated and arranged by Ruth De Cesare].
=260  \\$aMiami, Fla. :$bWarner Bros. Publications,$cc1997.
=300  \\$a1 score (88 p.) :$bill. ;$c31 cm. +$e1 sound disc (digital ; 4 3/4 in.).
=490  0\$aWorld dance series$5FPeU
=490  0\$aWorld music series$5FPeU
=500  \\$aActivity Guide$5FPeU.
=500  \\$aFolk songs for voice and piano, with chord symbols; followed by Orff and percussion arrangements by Debbie Cavalier and Sandy Feldstein.$5FPeU
=546  \\$aFrench and English words.
=505  0\$aAvoine, avoine = The oats, the oats -- Bonjour, belle Rosine = Good day, lovely Rosina -- C'était un roi de Sardaigne = O, the great king of Sardinia -- Dans le jardin de mon père = In my father's garden -- Giroflé, girofla -- Il court, il court, le furet = The ferret runs, how he runs! -- Meunier, tu dors = The miller sleeps -- Nous n'irons plus au bois = We'll see the woods no more -- Promenons-nous dans les bois = Let us walk in the woods -- Qu'est-ce qui passe ici si tard? = Who is passing here so late? -- Le rosier = The rose-tree -- Sautons! Dansons! = Jump now! Dance now! -- La tour, prends garde = Beware, oh tower!$5FPeU
=500  \\$aAdditional manufacturer's no. on compact disc: PP2182.$5FPeU
=690  \4$aHEALTH EDUCATION$xDANCE.$5FPeU
=650  \0$aFolk songs, French$zFrance.
=650  \0$aFolk dance music$zFrance.
=650  \0$aFolk music$zFrance.
=650  \0$aFolk dancing, French$zFrance.
=700  1\$aCavalier, Debbie.$4edt$4arr
=700  1\$aDe Cesare, Ruth.$4trl$4arr
=700  1\$aFeldstein, Sandy.$4arr
=951  \\$111$aWFU01:000473775;$5FPeU

