=LDR  01026ncm a2200301Ia 4500
=001  029483402
=005  20080118090342.0
=008  930923s1993\\\\au\sya\\\\\\\\\n\|\\zxx\d
=019  \\$a28878215
=028  22$aD.14 444$bDoblinger
=035  \\$a(OCoLC)30948514
=040  \\$aRCE$cRCE
=041  0\$gger
=090  \\$aM1001$b.B57 G.493, 1993
=100  1\$aBoccherini, Luigi,$d1743-1805.
=240  10$aSymphonies,$nG. 493,$rB♭ major
=245  10$aSinfonia No. 9, B-Dur, G 493 :$bop. 21/1 /$cLuigi Boccherini ; hersuagegeben von Antonio de Almeida.
=254  \\$aPartitur
=260  \\$aWien :$bDoblinger,$cc1993.
=300  \\$a1 score (39 p.) ;$c31 cm.
=490  1\$aSämtliche Sinfonien / Luigi Boccherini$5FTaSU
=490  1\$aDiletto musicale ;$v609$5FTaSU
=500  \\$aPreface in German.$5FTaSU
=650  \0$aSymphonies$vScores.
=700  1\$aAlmeida, Antonio de,$d1928-1997.
=800  1\$aBoccherini, Luigi,$d1743-1805.$tSymphonies (Almeida)
=830  \0$aDiletto musicale ;$vNr. 609.
=951  \\$105$aFSU01:001375800;$5FTaSU

