=LDR  04415cam a2200517Ia 4500
=001  029527503
=005  20111201074757.0
=006  m\\\\\\\\d\\\\\\\\
=007  cr\bnu
=008  110512s2011\\\\nyua\\\\ob\\\\001\0\eng\d
=019  \\$a728102784
=020  \\$z9781617791222 (print)
=020  \\$z1617791229 (print)
=020  \\$a1617791237 (e-ISBN)
=020  \\$a9781617791239 (e-ISBN)
=035  \\$a(OCoLC)722926868
=037  \\$a978-1-61779-122-2$bSpringer$nhttp://www.springerlink.com
=040  \\$aCUS$beng$cCUS$dCUV$dCUS$dGW5XE$dOCLCQ
=050  \4$aQK981$b.R53 2011
=082  04$a581.3/5$222
=096  \\$aQK 981
=245  00$aRNAi and plant gene function analysis$h[electronic resource] :$bmethods and protocols /$cedited by Hiroaki Kodama, Atsushi Komamine.
=260  \\$aNew York, N.Y. :$bHumana Press,$cc2011.
=300  \\$a1 online resource (x, 244 p.) :$bill.
=490  1\$aMethods in molecular biology,$x1940-6029 ;$v744$5FOFT$5FU
=490  1\$aSpringer protocols$5FOFT$5FU
=504  \\$aIncludes bibliographical references and index.
=505  00$tOverview of plant RNAi /$rYuichiro Watanabe --$tCaveat of RNAi in plants : the off-target effect /$rMuthappa Senthil-Kumar and Kirankumar S. Mysore --$tPlant gateway vectors for RNAi as a tool for functional genomic studies /$rToshiya Muranaka --$tHeat-inducible RNAi for gene functional analysis in plants /$rFrederic Masclaux and Jean-Philippe Galaud --$tGene function analysis by artificial microRNAs in Physcomitrella patens /$rBasel Khraiwesh ... [et al.] -- Virus-induced gene silencing in ornamental plants /$rCai-Zhong Jiang, Jen-Chih Chen, and Michael Reid --$tLocal RNA silencing mediated by agroinfiltration /$rJutta Maria Helm, Elena Dadami, and Kriton Kalantidis --$tDirect transfer of synthetic double-stranded RNA into protoplasts of Arabidopsis thaliana /$rHa-il Jung, Zhiyang Zhai, and Olena K. Vatamaniuk --$tDetection of long and short double-stranded RNAs /$rToshiyuki Fukuhara ... [ et al.] --$tQuantitative stem-loop RT-PCR for detection of microRNAs /$rErika Varkonyi-Gasic and Roger P. Hellens --$tLarge-scale sequencing of plant small RNAs /$rWilliam P. Donovan, Yuanji Zhang, and Miya D. Howell --$tComputational prediction of plant miRNA targets /$rYing-Hsuan Sun ... [et al.] --$tBisulfite sequencing for cytosine-methylation analysis in plants /$rNazmul Haque and Masamichi Nishiguchi --$tUsing nuclear run-on transcription assays in RNAi studies /$rBasel Khraiwesh --$tProteomic analysis of RNA interference induced knockdown plant /$rSang Yeol Lee and Kyun Oh Lee --$tComparative analysis of phosphoprotein expression using 2D-DIGE /$rTomoya Asano and Takumi Nishiuchi.$5FOFT$5FU
=588  \\$aDescription based on print version record.
=650  \0$aPlant genetics$vLaboratory manuals.
=650  \0$aSmall interfering RNA$vLaboratory manuals.
=650  \2$aPlants$xgenetics$vLaboratory Manuals.
=650  \2$aRNA Interference$vLaboratory Manuals.
=655  \4$aElectronic books.
=700  1\$aKodama, Hiroaki.
=700  1\$aKomamine, Atsushi.
=776  08$iPrint version:$tRNAi and plant gene function analysis.$dNew York : Springer, c2011$z1617791229$w(OCoLC)706920377
=830  \0$aMethods in molecular biology (Clifton, N.J.) ;$vv. 744.$x1064-3745
=830  \0$aSpringer protocols (Series)
=856  40$yUCF: Click here for ONLINE ACCESS$uhttps://login.ezproxy.net.ucf.edu/login?url=http://dx.doi.org/10.1007/978-1-61779-123-9$5FOFT$zSpringerLink$zSpringer Protocols
=856  40$yUCF: Click here for ONLINE ACCESS$uhttps://login.ezproxy.net.ucf.edu/login?url=http://www.springerprotocols.com/BookToc/doi/10.1007/978-1-61779-123-9$5FOFT$zSpringerLink$zSpringer Protocols
=856  40$yUCF: Click here for ONLINE ACCESS$uhttps://login.ezproxy.net.ucf.edu/login?url=http://www.springerprotocols.com/doiresolver?genre=book&pid=10.1007/978-1-61779-123-9$5FOFT$zSpringerLink$zSpringer Protocols
=856  40$uhttp://www.springerprotocols.com/doiresolver?genre=book&pid=10.1007/978-1-61779-123-9$yRead this E-book$zLicensed for access by UF students, faculty, staff, and other registered users.$xSpringerLink$5FU
=856  40$uhttp://www.springerprotocols.com/BookToc/doi/10.1007/978-1-61779-123-9$yRead this E-book$zLicensed for access by UF students, faculty, staff, and other registered users.$xSpringerLink$5FU
=951  \\$107$aCFU01:001988793;$5FOFT
=951  \\$108$aUFU01:005504497;$5FU

