=LDR  02089nas a2200457 a 4500
=001  029573216
=005  20110715162108.0
=006  m\\\\|\\\d\|\\\\\\
=007  cr||n||||||||n
=008  090630u18uuuuuumauuu\p\s\s\\l0\\\\0eng\d
=035  \\$aTGPSM09-S155
=035  \\$a(OCoLC)659327833
=040  \\$aTGPSM$cUtOrBLW
=043  \\$an-us-ma
=090  \\$aAP2$b.S1925
=110  1\$aBoston (Mass.).$bMayor.
=245  10$aInaugural address to the Aldermen and Common Council$h[electronic resource] /$cby John Prescott Bigelow.
=246  14$aMayor's inaugural address to the Aldermen and Common Council of the city of Boston$f1850
=246  14$aMayor's inaugural address to the City Council of Boston$f1849
=246  17$aMayor's address
=260  \\$aBoston :$bJ.H. Eastburn, city printer,
=300  \\$av. ;$c23 cm.
=490  1\$aCity document ;$vno. 1$5FOFT
=490  1\$aCity document ;$vno. 1$5FOFT
=500  \\$a"Printed by order of the Council."$5FOFT
=500  \\$aDescription based on: 1849.$5FOFT
=500  \\$aReproduction of the original from the American Antiquarian Society.$5FOFT
=500  \\$aSabin no. 5314.$5FOFT
=500  \\$aTitle-vignette.$5FOFT
=533  \\$aElectronic reproduction.$bFarmington Hills, Mich. :$cGale,$d2009.$nAvailable via the World Wide Web.$nAccess limited by licensing agreements.$7s2009 miunns.$5FOFT
=590  \\$a2009A629001; 2009A629002.$5FOFT
=590  \\$aReproduced from the source library are: 1849-1850.$5FOFT
=650  \0$aWater-supply$zMassachusetts$zBoston$vPeriodicals.
=651  \0$aBoston (Mass.)$xPolitics and government$vPeriodicals.
=653  \\$aFinance$aAntebellum
=710  1\$aBoston (Mass.).$bBoard of Aldermen.
=710  1\$aBoston (Mass.).$bCommon Council.
=810  1\$aBoston (Mass.).$tDocument ;$v1849, 1.
=810  1\$aBoston (Mass.).$tDocument ;$v1850, 1.
=856  40$yClick here for FULL TEXT from Sabin Americana$uhttps://login.ezproxy.net.ucf.edu/login?url=http://galenet.galegroup.com/servlet/Sabin?af=RN&ae=CY108748028&srchtp=a&ste=14&locID=orla57816$5FOFT
=951  \\$107$aCFU01:001992176;$5FOFT

