=LDR  02271nam a2200493 a 4500
=001  029614641
=005  20150219161535.0
=006  m\\\\\\\\d\\\\\\\\
=008  090624s2010\\\\gw\a\\\\s\\\\\001\0\eng\d
=010  \\$a2009026131
=019  \\$a(NyNyTMP)9781604065657
=020  9\$a9783131293954 (TNY)
=020  9\$a9781604065657 (eISBN)
=035  \\$a(NyNyTMP)9781604065657
=035  \\$a(OCoLC)767878216
=040  \\$aNyNyTMP
=050  00$aRF81
=100  1\$aBull, T. R.
=245  10$aColor atlas of ENT diagnosis$h[electronic resource] /$cTony R. Bull, John S. Almeyda.
=246  30$aENT diagnosis
=250  \\$a5th ed.
=260  \\$aStuttgart ;$aNew York :$bThieme,$c2010.
=300  \\$aviii, 296 p. :$bill. ;$ccm.
=490  0\$aThieme ElectronicBook Library$5FBoU
=490  1\$aThieme flexibook$5FBoU
=500  \\$aIncludes index.$5FBoU
=500  \\$aMade available through: Thieme ElectronicBook Library.$5FBoU
=505  0\$aENT examination -- The ear -- The nose -- The pharynx and larynx -- The head and neck.$5FBoU
=506  \\$aAccess restricted by licensing agreements.$5FBoU
=516  \\$aElectronic book available in pdf format.$5FBoU
=530  \\$aAlso available in print.$5FBoU
=538  \\$aSystem requirements: World Wide Web browser, internet.$5FBoU
=538  \\$aMode of access: World Wide Web.$5FBoU
=650  \0$aOtolaryngology$vAtlases.
=650  \0$aOtolaryngology$xDiagnosis.
=650  12$aOtorhinolaryngologic Diseases$xdiagnosis$vAtlases.
=700  1\$aAlmeyda, John S.
=710  2\$aThieme Medical Publishers.
=830  \0$aThieme flexibook.
=856  40$zFull text available:$uhttp://ezproxy.fau.edu/login?url=http://ebooks.thieme.com/reader/color-atlas-ent-diagnosis16675$5FBoU
=856  4\$yUCF Health Sciences Library: Off-campus access limited to current UCF students & employees$uhttps://login.ezproxy.net.ucf.edu/login?url=http://ebooks.thieme.com/reader/color-atlas-ent-diagnosis16675$zProvided by Thieme$5FOFT
=856  40$uhttp://UH7QF6FD4H.search.serialssolutions.com/?V=1.0&L=UH7QF6FD4H&S=JCs&C=TC0000517530&T=marc&tab=BOOKS$yRead this Ebook$zLicensed for access by UF students, faculty, staff, and other registered users.$5FU
=951  \\$102$aFAU01:001910602;$5FBoU
=951  \\$108$aUFU01:005542355;$5FU

