=LDR  02264cem a2200445Ia 4500
=001  029640702
=005  20111028120448.0
=007  aj\aanzn
=008  991006s1977\\\\vaug\\\\\\a\\f\\0\\\eng\d
=034  1\$aa$b500000$dW1440000$eW1410000$fN0640000$gN0630000
=035  \\$a(OCoLC)42583271
=040  \\$aORE$cORE$dCOP$dOCLCQ$dOCLCG$dFUG
=043  \\$an-us-ak
=045  0\$bd1976
=052  \\$a4371
=074  \\$a619-G-11
=086  0\$aI 19.113:MF-767-G
=090  \\$aG3701.C5 svar$b.U5 MF-767-G
=245  00$aGeochemical maps showing the distribution and abundance of molybdenum in the Tanacross quadrangle, Alaska /$cby G.C. Curtin ... [et al.] ; Department of the Interior, U.S. Geological Survey.
=246  1\$iEnvelope title:$aDistribution and abundance of molybdenum, Tanacross quadrangle, Alaska
=255  \\$aScale 1:500,000$c(W 144°--W 141°/N 64°--N 63°).
=260  \\$aReston, Va. :$bThe Survey ;$aDenver, Colo. :$bFederal Center [distributor],$c1977.
=300  \\$a4 maps on 1 sheet ;$c24 x 31 cm., sheet 83 x 121 cm., folded in envelope 31 x 24 cm.
=490  1\$aMiscellaneous field studies ;$vmap MF-767-G$5FU
=490  1\$aFolio of the Tanacross quadrangle, Alaska$5FU
=500  \\$aRelief shown by spot heights.$5FU
=500  \\$aIncludes graphs, text, location map, index map to adjacent quadrangles, and explanation to map units.$5FU
=500  \\$a"1976."$5FU
=500  \\$a"Base from U.S. Geological Survey, Tanacross quadrangle, 1964."$5FU
=500  \\$a"Background information relating to this map is published as U.S. Geological Survey circular 734 ..."$5FU
=504  \\$aIncludes bibliographical references.
=505  0\$aA. Molybdenum in the oxide residue of stream sediment -- B. Molybdenum in the minus-80-mesh stream sediment -- C. Molybdenum in theash of streambank sod -- D. Molybdenum in the ash of aquatic bryophytes (mosses).$5FU
=650  \0$aMolybdenum ores$zAlaska$vMaps.
=650  \0$aGeochemistry$zAlaska$vMaps.
=650  \0$aGeology$zAlaska$vMaps.
=700  1\$aCurtin, Gary C.,$d1935-
=710  2\$aGeological Survey (U.S.)
=830  \0$aMiscellaneous field studies ;$vmap MF-767-G.
=810  2\$aGeological Survey (U.S.).$tFolio of the Tanacross quadrangle, Alaska.
=951  \\$108$aUFU01:005492886;$5FU

