=LDR  01317cam a2200313I  4500
=001  029676304
=005  20120623082000.0
=008  800501s1938\\\\ilu\\\\\\b\\\\000|0\eng\\
=010  \\$a   38028370 //rev
=035  \\$a(OCoLC)06271087
=040  \\$aDLC$cLDL$dFDA
=041  1\$aengsan
=050  0\$aPK3798.S91$bM73 1938
=082  0\$a891.22
=090  \\$aP25$b.I53 v.23, no.1-2
=099  \\$a805$aI29i$av.23$ano.1-2
=100  1\$aŚūdraka.
=245  10$aMrcchakatikâ,$bThe little clay cart; a drama in ten acts$cattributed to King Sûdraka. Now newly translated from the Sanskrit, with introd. and notes, by Revilo Pendleton Oliver.
=260  \\$aUrbana,$bUniversity of Illinois Press,$c1938.
=300  \\$a250 p.$c27 cm.
=490  0\$aIllinois studies in language and literature.$vv.23, no.1-2$5FTaSU
=490  0\$aUniversity of Illinois (Urbana-Champaign campus). Illinois studies in language and literature,$vv.23, no.1-2$5FU
=500  \\$aUniversity of Illinois bulletin. v.35, no.78.$5FTaSU$5FU
=504  \\$aBibliography included in the introduction.
=700  1\$aOliver, Revilo P.$q(Revilo Pendleton),$d1910-$eed. and tr.
=740  0\$aLittle clay cart.
=830  \0$aIllinois studies in language and literature ;$vv.23, no.1-2
=951  \\$105$aFSU01:000435591;$5FTaSU
=951  \\$108$aUFU01:001947518;$5FU

