=LDR  03003cam a2200385I  4500
=001  029721946
=005  20120113131241.0
=008  090318e196506\\maua\\\\\tb\\f000\0\eng\d
=035  \\$a(OCoLC)316220375
=040  \\$aLHL$cLHL$dLHL
=086  0\$aD 301.45/4-3:65-470
=088  \\$aAFCRL 65-470
=088  \\$aAD 620230
=100  1\$aBurke, E. A.
=245  10$aFerrous Ammonium Sulfate - Cupric Chloride solutions for dosimetry of a Kilocurie Cobalt-60 source /$cE. A. Burke...[et al.].
=260  \\$aL. G. Hanscom Field, Mass. :$bAir Force Cambridge Research Laboratories, Office of Aerospace Research, United States Air Force,$c1965.
=300  \\$av, 11 p. :$bill., tables ;$c28 cm.
=490  1\$aAFCRL ;$v65-470$5FU
=490  1\$aPhysical sciences research papers ;$vNo. 116$5FU
=500  \\$a"June 1965."$5FU
=500  \\$aAD0620230 (from http://www.dtic.mil).$5FU
=500  \\$aOther authors on title page: C. M. Jimenez, L. F. Lowe, M. Mulligan.$5FU
=500  \\$aSolid State Sciences Laboratory Project 5620.$5FU
=500  \\$aResearch supported by the Solid State Sciences Laboratory, Air Force Cambridge Research Laboratories, Office of Aerospace Research, United States Air Force, L. G. Hanscom Field, Bedford, Massachusetts.$5FU
=504  \\$aIncludes bibliographical references (p. 11).
=520  \\$aAqueous solutions of ferrous ammonium sulfate with cupric chloride were studied as a means for determining the uniformity of the dose rate around a multikilocurie cylindrical array of cobalt-60. Ferric ion was measured spectrophotometrically at 305 millimicrons. The solution selected to satisfy the requirements for dosimetry contained 0.0005 M ferrous ammonium sulfate and 0.005 M cupric chloride in 0.001 N sulfuric acid. Spectrophotometric measurements of ferric ion were made in solutions brought to 0.15 N acid concentration, instead of the conventional 0.8 N, in order to minimize spurious oxidation. The molar extinction coefficient at this normality proved to be the same as that in 0.8 N solutions. The G value, as compared to the standard ferrous-ferric dosimeter, was 0.65. Using these solutions, no detectable variation in dose rate was found at symmetrically equivalent positions at the center of the cobalt-60 source. The average dose rate at each end of the cylindrical array proved to be 12 percent lower than that at the center. The dose rate was also less uniform at the ends, varying by = 4 percent from point-to-point. At a distance of fifteen inches from the center of the source array, the dose rate decreased as the square of the distance. (Author).
=650  \0$aRadiation dosimetry.
=650  \0$aIron compounds.
=650  \0$aCupric chloride.
=650  \0$aCobalt$xRadiation.
=650  \0$aRadiation chemistry.
=710  2\$aAir Force Cambridge Research Laboratories (U.S.)
=830  \0$aAFCRL ;$v65-470.
=830  \0$aPhysical sciences research papers (Air Force Cambridge Research Laboratories (U.S.)) ;$vNo. 116.
=951  \\$108$aUFU01:005499115;$5FU

