=LDR  01064nam a2200301Ii 4500
=001  029744154
=005  20120623072700.0
=008  800702m19549999yu\\\\\\\\\\\\001|0\sccod
=010  \\$a   60029075 
=035  \\$a(OCoLC)06477446
=040  \\$aIUL$cIUL$dm.c.$dFDA
=041  0\$ascc$bfre
=043  \\$ae-yu---
=090  \\$aAS346$b.B53 knj.222, 303, etc.
=100  1\$aVučo, Nikola.
=245  10$aRaspadanje esnafa u Srbiji /$cNikola Vučo ; urednik Viktor Novak.
=260  \\$aBeograd :$bNaučna knjiga,$c1954-
=300  \\$av. ;$c24 cm.
=490  0\$aSrpska akademija nauka. Posebna izdanja ;$vknj. 222, 303, etc.$5FTaSU
=490  0\$aIstoriski institut ; knj. 5, 9, etc.$5FTaSU
=500  \\$aAdded t. p.: Les corporations de métiers en Serbie.$5FTaSU
=500  \\$aIn Serbo-Croatian (Cyrillic)$5FTaSU
=500  \\$aSummaries in French.$5FTaSU
=500  \\$aIncludes indexes.$5FTaSU
=650  \0$aGuilds$zSerbia.
=710  2\$aSrpska akademija nauka.$bIstoriski institut.
=740  0\$aCorporations de métiers en Serbie.
=951  \\$105$aFSU01:000440968;$5FTaSU

