=LDR  01479cam a2200337I  4500
=001  029790224
=005  20120113131629.0
=008  090316e196504\\maua\\\\\tb\\f000\0\eng\d
=019  \\$a9538604
=035  \\$a(OCoLC)315826346
=040  \\$aLHL$cLHL$dSMI
=086  0\$aD 301.45/4-3:65-279
=088  \\$aAFCRL 65-279
=088  \\$aAD 616246
=090  \\$aQD911$b.D55
=100  1\$aDickinson, Stanley K.
=245  10$aGuide to the interpretation of space group symbols /$cStanley K. Dickinson, Jr.
=260  \\$aL. G. Hanscom Field, Mass. :$bAir Force Cambridge Research Laboratories, Office of Aerospace Research, United States Air Force,$c1965.
=300  \\$av, 9, [18] p. :$bill., tables ;$c28 cm.
=490  1\$aPhysical sciences research papers ;$vNo. 98$5FU
=490  1\$aAFCRL ;$v65-279$5FU
=500  \\$a"April 1965."$5FU
=500  \\$aAD0616246 (from http://www.dtic.mil).$5FU
=500  \\$aSolid State Sciences Laboratory project 5621.$5FU
=500  \\$aResearch supported by the Solid State Sciences Laboratory, Air Force Cambridge Research Laboratories, Office of Aerospace Research, United States Air Force, L. G. Hanscom Field, Bedford, Massachusetts.$5FU
=650  \0$aCrystal lattices.
=650  \0$aCrystals$xStructure.
=710  2\$aAir Force Cambridge Research Laboratories (U.S.)
=830  \0$aPhysical sciences research papers (Air Force Cambridge Research Laboratories (U.S.)) ;$vNo. 98.
=830  \0$aAFCRL ;$v65-279.
=951  \\$108$aUFU01:005504860;$5FU

