=LDR  01088nam a2200253I  4500
=001  029828866
=005  20121023151414.0
=008  800923s1926\\\\sz\\\\\\\\\\\i000|0\eng\\
=010  \\$a   26020378 //r
=035  \\$a(OCoLC)06745414
=040  \\$aDLC$cERE$dFDA
=043  \\$ae-au---
=090  \\$aHC265$b.A5 1926
=110  2\$aLeague of Nations.
=245  10$aFinancial reconstruction of Austria.$bTermination of the functions of the Commissioner-general.
=260  \\$a[Geneva]$bImp. J. de G.$c[1926]
=300  \\$a8 p.$c33 cm.
=490  0\$aC. 385. 1926. II. (F.290)$5FTaSU
=490  0\$aLeague of Nations. Publications. II. Economic and financial. 1926.II.22$5FTaSU
=500  \\$aAt head of title: ... Geneva, June 16th, 1926. League of nations.$5FTaSU
=505  0\$aReport of the Financial Committee to the Council, dated June 7th, 1926.--Extract from the Council Minutes of June 9th, 1926.--Resolution adopted by the Council on June 9th, 1926.$5FTaSU
=610  20$aLeague of Nations.$bCommissioner-general for Austria.
=650  \0$aFinance$zAustria.
=710  2\$aLeague of Nations.$bCouncil.

