=LDR  01280nam a2200373Ii 4500
=001  029873850
=005  20090522141641.0
=008  800818s1913\\\\wyu\\\\\\\\\\s001|0\eng\d
=010  \\$ags 14000463 
=035  \\$a(OCoLC)06629204
=040  \\$aWYU$cWYU
=043  \\$an-us-wy$an-us---
=045  \\$ax1x1
=090  \\$aQE181$b.A25 no.6
=099  \\$a557.87$aW99b$ano. 6
=110  1\$aWyoming.$bState Geologist.
=245  10$aMining laws, federal and state, 1913 /$c[compiled by] L.W. Trumbull.
=260  \\$aWheatland, Wyo. :$bTimes Pub. Co. [for the Wyoming State Geologist],$c1913.
=300  \\$ap. [21]-63 ;$c23 cm.
=490  0\$aBulletin. Series B ;$vno. 6$5FTaSU
=490  1\$aBulletin - State of Wyoming, Geologist's Office ; no. 6, ser. B$5FU
=500  \\$aCover title.$5FU
=500  \\$aIncludes index.$5FTaSU$5FU
=650  \0$aMining law$zWyoming.
=650  \0$aMining law$zUnited States.
=700  1\$aTrumbull, L. W.$q(Loyal Wingate)
=700  1\$aTrumbull, Loyal Wingate
=710  1\$aUnited States.
=710  1\$aWyoming.
=710  1\$aWyoming.$kLaws, statutes, etc.
=710  1\$aWyoming.$bState Geologist.
=830  \0$aBulletin.$pSeries B (Wyoming. State Geologist) ;$vno. 6.
=951  \\$105$aFSU01:001916026;$5FTaSU
=951  \\$108$aUFU01:001984640;$5FU

