=LDR  01213nam a22003378a 4500
=001  029923330
=005  20120623081400.0
=008  940111s1994\\\\ne\a\\\\\b\\\\001|0\eng\\
=010  \\$a   94002748 
=015  \\$aGB94-28652
=019  \\$a30399686
=020  \\$a0792327349 (acid-free paper)
=020  \\$a0792327349
=035  \\$a(OCoLC)29703218
=040  \\$aDLC$cDLC
=050  00$aQA402.5$b.H457 1994
=082  00$a519.7$220
=100  1\$aHertog, D. den.
=245  10$aInterior point approach to linear, quadratic, and convex programming :$balgorithms and complexity /$cD. den Hertog.
=260  \\$aDordrecht ;$aBoston :$bKluwer Academic Publishers,$cc1994.
=300  \\$a208 p. :$bill. ;$c25 cm.
=490  0\$aMathematics and its applications ;$vv. 277$5FTS
=490  1\$aMathematics and its applications ;$vMAIA 277$5FTaSU
=504  \\$aIncludes bibliographical references and index.
=650  \0$aLinear programming.
=650  \0$aComputational complexity.
=650  \0$aProgramming (Mathematics)
=653  0\$aMathematical programming
=830  \0$aMathematics and its applications (Kluwer Academic Publishers) ;$vv. 277.
=951  \\$105$aFSU01:001455701;$5FTaSU
=951  \\$110$aSFU01:000966254;$5FTS

