=LDR  01524cam a2200349Ii 4500
=001  029969575
=005  20120113100850.0
=008  090423e196612\\maua\\\\\bt\\f000\0\eng\d
=019  \\$a51857383
=035  \\$a(OCoLC)319057443
=040  \\$aLHL$cLHL$dOCLCQ
=086  0\$aD 301.45/4-3:66-864
=088  \\$aAFCRL 66-864
=100  1\$aAarons, Jules.
=245  10$aLatitudinal effects on satellite scintillations /$cJ. Aarons, H.M. Silverman, B.A. Ramsey.
=260  \\$aL.G. Hanscom Field, Mass. :$bAir Force Cambridge Research Laboratories, Office of Aerospace Research, United States Air Force,$c1966.
=300  \\$a[1], 7 p. :$bill. ;$c28 cm.
=490  1\$aAFCRL ;$v66-864$5FU
=490  1\$aEnvironmental research papers ;$vNo. 250$5FU
=500  \\$aSpace Physics Laboratory Project 4643.$5FU
=500  \\$aResearch supported by the Air Force Cambridge Research Laboratories, Office of Aerospace Research, United States Air Force, L.G. Hanscom Field, Bedford, Massachusetts.$5FU
=500  \\$aReprinted from the Annales de Geophysique, Vol. 22, No. 3, pp. 349-355, July-September 1966.$5FU
=504  \\$aIncludes bibliographical references.
=650  \0$aArtificial satellites$xScintillation.
=650  \0$aIonosphere.
=650  \0$aRadio waves.
=700  1\$aSilverman, Herbert M.
=700  1\$aRamsey, B. A.
=710  2\$aAir Force Cambridge Research Laboratories (U.S.)
=830  \0$aAFCRL ;$v66-864.
=830  \0$aEnvironmental research papers (Hanscom AFB, Mass.) ;$vNo. 250.
=951  \\$108$aUFU01:005521074;$5FU

