=LDR  03015cam a2200397 a 4500
=001  030013835
=005  20110103112514.0
=008  100331s2010\\\\nyua\\\\\b\\\\001\0\eng\\
=010  \\$a2010014109
=016  7\$a101527724$2DNLM
=020  \\$a9781616689889 (hardcover)
=020  \\$a1616689889 (hardcover)
=035  \\$a(OCoLC)605753893
=040  \\$aDNLM/DLC$cDLC$dYDX$dNLM$dYDXCP
=042  \\$apcc
=050  00$aRG483.E53$bE564 2010
=060  00$a2010 M-278
=060  10$aWP 390$bE5667 2010
=082  00$a618.1$222
=245  00$aEndometriosis :$bsymptoms, diagnosis and treatments /$cLucy A. Mitchell, editor.
=260  \\$aNew York :$bNova Science,$cc2010.
=300  \\$axiv, 286 p. :$bill. ;$c27 cm.
=490  1\$aObstetrics and Gynecology Advances$5FFmFGC
=490  1\$aNova Biomedical$5FFmFGC
=504  \\$aIncludes bibliographical references and index.
=505  0\$aAngiogenesis and antiangiogenic therapy in endometriosis / Hui Xu, Chi Chiu Wang -- The roles of the immune response in endometriosis / Marina Berbic ... [et al.] -- Diagnosis of endometriosis : laboratory and imaging diagnosis and future perspectives / Juliana Meola ... [et al.] -- Ethiology and treatment of catamenial pneumothorax / Alessandro Baisi and Federico Raveglia -- Treatment of endometriosis associated with infertility and chronic pelvic pain / Julio Cesar Rosa e Silva ... [et al.] -- Ovarian endometriosis : diverse modifications during pregnancy / Yutaka Ueda ... [et al.] -- Estrogen role in endometriosis / A.M. Caringella, E. Di Naro and G. Loverro -- Nutritional regimen and antioxidants in the treatment of symptomatic pelvic endometriosis / Francesco Sesti, Talia Capozzolo and Emilio Piccione -- Heterogeneity of eutopic endometrium in endometriosis : implications for fertility / Carolyn J.P. Jones ... [et al.] -- Roles of mevalonate-ras homology (RHO)/RHO-associated coiled-coil-forming protein kinase (ROCK)-mediated signaling pathway in endometriosis-associated fibrosis / Kaei Nasu ... [et al.] -- Aromatase inhibitors in the treatment of endometriosis / Simone Ferrero, Valentino Remorgida and Pier Luigi Venturini -- A possible role of neutrophils in the pathogenesis of endometriosis / Jong-Young Kwak and Kyu-Sup Lee -- Recurrent endometriosis / George Pados, P. Nikolaos Papadopoulos and Dimitrios Tsolakidis -- Endometriosis of the urinary tract / S. Kachrilas ... [et al.] -- Advantages and disadvantages of each animal model of endometriosis / Masakazu Umezawa ... [et al.] -- Interstitial cystitis and endometriosis : the evil twins / M. Sami Walid and Richard L. Heaton.$5FFmFGC
=650  \0$aEndometriosis.
=650  \0$aEndometriosis$xDiagnosis.
=650  \0$aEndometriosis$xTreatment.
=650  12$aEndometriosis$xphysiopathology.
=650  22$aEndometriosis$xdiagnosis.
=650  22$aEndometriosis$xtherapy.
=700  1\$aMitchell, Lucy A.$q(Lucy Ana),$d1960-
=830  \0$aObstetrics and gynecology advances.
=830  \0$aNova biomedical.
=951  \\$103$aGCU01:000505848;$5FFmFGC

