=LDR  03246cam a2200349Ka 4500
=001  030042947
=005  20120113124828.0
=008  090330e196609\\maua\\\\\tb\\f000\0\eng\d
=035  \\$a(OCoLC)317403845
=040  \\$aLHL$cLHL$dLHL$dFUG
=086  0\$aD 301.45/4-3:66-629
=088  \\$aAFCRL 66-629
=088  \\$aAD 646974
=100  1\$aKalakowsky, C. B.
=245  10$aVLF sferics of very large virtual source strength /$cC. B. Kalakowsky, E. A. Lewis.
=260  \\$aL. G. Hanscom Field, Mass. :$bAir Force Cambridge Research Laboratory, Office of Aerospace Research, United States Air Force,$c1966.
=300  \\$a[1], 17, [6] p. :$bill. ;$c26 cm.
=490  1\$aAFCRL ;$v66-629$5FU
=490  1\$aPhysical Sciences Research Papers ;$vNo. 261$5FU
=500  \\$a"September 1966."$5FU
=500  \\$aAD0646974 (from http://www.dtic.mil).$5FU
=500  \\$aUpper Atmosphere Physics Laboratory Project 4603.$5FU
=500  \\$aResearch supported by the Upper Atmosphere Physics Laboratory, Air Force Cambridge Research Laboratory, Office of Aerospace Research, United States Air Force, L. G. Hanscom Field, Bedford, Massachusetts.$5FU
=504  \\$aIncludes bibliographical references (p. 17).
=520  \\$aTwo stations in New England, spaced 68.6 miles apart, recorded sferic waveforms in the frequency band 2.4 to 310 kHz. Individual sferic sources whose virtual locations, as determined by triangulation with crossed-loop direction finders, fell within two areas of 290 square miles each were identified, and those producing peak fields equivalent to 20 V/m at 50 miles at both stations were selected. In over two years of recording there were only 27 such sources, the largest giving 58 V/m at both stations. Waveforms from the same source had nearly the same shape at the two stations, but occasional amplitude disparities as great as 2:1 were noted. It is shown that such cases are consistent with an idealized model in which the source is an elevated, time-varying dipole moment with its axis inclined away from the vertical. On the ground plane, the electric field pattern is then directive and the magnetic field lines are circles about a virtual source displaced horizontally from the actual source. Crossed-loop direction finders would thus indicate the direction of the virtual source, rather than the true source. All 27 sferics had rise times in the 4 to 20 microsec range, but differed in initial polarity, duration, and number of oscillations. Those recorded on the same day from virtual sources in the same area tended to have the same polarity, but over the entire recording period the polarities were nearly equally divided between positive and negative. These sferics appeared as single events, rather than multiple events, and occurred predominantly in the daytime from April through October, usually in conjunction with cold fronts and squall lines in or near the monitored areas. (Author)
=650  \0$aAtmospheric physics.
=650  \0$aVLF emissions.
=700  1\$aLewis, E. A.
=710  2\$aAir Force Cambridge Research Laboratories (U.S.)
=830  \0$aAFCRL ;$vno.66-629.
=830  \0$aPhysical sciences research papers (Air Force Cambridge Research Laboratories (U.S.)) ;$vno.261.
=951  \\$108$aUFU01:005527156;$5FU

