=LDR  01728cas a2200469 a 4500
=001  030115407
=005  20130807165607.0
=008  771220d19771981dcuar1\\\r\\\f0\\|a0eng\d
=010  \\$a   78640957 //r872
=019  \\$a3592581$a3995720
=022  0\$a0160-0508
=035  \\$a(OCoLC)03503905
=040  \\$aZPM$cZPM$dCOO$dDLC$dNSD$dDLC$dOCL$dGPO$dDLC$dNSD$dm.c.$dGPO$dNST$dRCS$dSER$dOCL$dNST$dm/c$dHUL$dNST$dDLC$dGPO$dHUL$dNST
=042  \\$alc$ansdp
=043  \\$an-us---
=050  00$aL901$b.E335
=060  0\$aL 901 D598
=074  \\$a460
=082  00$a370/.6/273
=086  0\$aHE 19.113:
=086  0\$aED 1.30:
=090  \\$aL901$b.E3
=210  0\$aDir. educ. assoc.
=222  \0$aDirectory of education associations
=245  00$aDirectory of education associations.
=260  \\$aWashington, D.C. :$bU.S. Dept of Education :$bFor sale by the Supt. of Docs., U.S. G.P.O.,$c1977-1981.
=300  \\$a5 v. ;$c26 cm.
=310  \\$aAnnual
=362  0\$a1977-1980/81.$5FTS
=490  1\$a1977-1978/79, DHEW publication ;$vno. (OE)$5FTS
=490  1\$a1979/80, ED publication$5FTS
=490  1\$aPublication$5FTS
=500  \\$aTitle from cover.$5FTS
=550  \\$aVols. for 1977-1978/79 issued by the U.S. Dept. of Health, Education, and Welfare, Office of Education.
=650  \0$aEducation$zUnited States$xSocieties, etc.$vDirectories.
=710  1\$aUnited States.$bDepartment of Education
=710  1\$aUnited States.$bOffice of Education
=780  00$tEducation directory. Education associations$x0083-2650$w(DLC)   73643207$5FTS
=830  \0$aDHEW publication$vno. (OE)
=830  \0$aED publication
=830  \0$aPublication (United States. Department of Education)
=951  \\$110$aSFU01:000484528;$5FTS

