=LDR  01368cam a2200337Ka 4500
=001  030123672
=005  20120123131811.0
=008  840418s1970\\\\maua\\\\\b\\\f000\0\eng\d
=019  \\$a51980229
=035  \\$a(OCoLC)10642597
=040  \\$aMUU$cMUU$dGBS$dFUG
=086  0\$aD 301.45/4-3:70-0261
=090  \\$aQC801$b.U54 218
=100  1\$aGroves, G. V.
=245  10$aSeasonal and latitudinal models of atmospheric temperature, pressure and density :$b25 to 110 km. /$cG.V. Groves.
=260  \\$aBedford, Mass. :$bOffice of Aerospace Research, United States Air Force,$c1970.
=300  \\$a1 v. (various pagings) :$bill. ;$c29 cm.
=490  1\$aAir Force surveys in geophysics ;$vno. 218$5FU
=490  1\$aAFCRL ;$v70-0261$5FU
=504  \\$aReferences: p. 27-29.
=536  \\$aAeronomy Laboratory$dProject 8605
=500  \\$a"Undertaken as part of the activities of the Committee on Space Research (COSPAR) panel on a new reference atmosphere, which will aid in the design of aircraft, missiles, and satellites."$5FU
=650  \0$aAtmospheric temperature.
=650  \0$aAtmospheric pressure.
=650  \0$aAtmospheric density.
=650  \7$aAtmospheric models.$2nasat
=650  \7$aReference atmospheres.$2nasat
=710  2\$aCOSPAR.
=830  \0$aAir Force surveys in geophysics ;$vno. 218.
=830  \0$aAFCRL ;$vno. 70-0261.
=951  \\$108$aUFU01:005534790;$5FU

