=LDR  02005cam a2200373Ka 4500
=001  030132492
=005  20120126135544.0
=008  090506e197012\\maua\\\\\tb\\f000\0\eng\d
=019  \\$a52074772
=035  \\$a(OCoLC)320352111
=040  \\$aLHL$cLHL$dFUG
=086  0\$aD 301.45/4-3:71-0011
=088  \\$aAFCRL 71-11
=088  \\$aAD 0720249
=100  1\$aPless, Vera S.
=245  10$aSelf-orthogonal codes of half dimension over GF(2) /$cVera S. Pless.
=260  \\$aL. G. Hanscom Field, Mass. :$bAir Force Cambridge Research Laboratories, Air Force Systems Command, United States Air Force,$c1970.
=300  \\$av, 33 p. :$bill., tables ;$c28 cm.
=490  1\$aAFCRL ;$v71-0011$5FU
=490  1\$aPhysical Sciences Research Papers ;$vNo. 440$5FU
=500  \\$a"28 December 1970."$5FU
=500  \\$aAD0720249 (from http://www.dtic.mil).$5FU
=500  \\$aData Sciences Laboratory Project 5628.$5FU
=500  \\$aResearch supported by the Air Force Cambridge Research Laboratories, Air Force Systems Command, United States Air Force, L. G. Hanscom Field, Bedford, Massachusetts.$5FU
=504  \\$aIncludes bibliographical references (p. 33).
=520  \\$aSelf-orthogonal codes have been used on many occasions due to their added ease of decoding. In particular, moderate length self-orthogonal codes are often needed. This paper gives a complete listing of all self-orthogonal codes of rate one-half whose length is between 2 and 18, and also lists all their properties. Someone who wants to use such a code can see what is available from the list and then select one based on the characteristics listed. (Author)
=650  \0$aFunctions, Orthogonal.
=650  \0$aCoding theory.
=650  \0$aSet theory.
=650  \0$aTransformations (Mathematics)
=710  2\$aAir Force Cambridge Research Laboratories (U.S.)
=830  \0$aAFCRL ;$vno. 71-11.
=830  \0$aPhysical sciences research papers (Air Force Cambridge Research Laboratories (U.S.)) ;$vno. 440.
=951  \\$108$aUFU01:005535626;$5FU

