=LDR  01592cam a2200337I  4500
=001  030148694
=005  20120202153040.0
=008  090312e196502\\maua\\\\\tb\\f000\0\eng\d
=035  \\$a(OCoLC)314359777
=040  \\$aLHL$cLHL
=086  0\$aD 301.45/4-3:65-111
=088  \\$aAFCRL 65-111
=088  \\$aAD 613104
=100  1\$aNamioka, T.
=245  10$aAbsorption spectra of H₂ in the vacuum ultraviolet region.$nII.$pThe B'-X, B''-X, D-X, and D'-X bands /$cT. Namioka.
=260  \\$aL. G. Hanscom Field, Mass. :$bAir Force Cambridge Research Laboratories, Office of Aerospace Research, United States Air Force,$c1965.
=300  \\$a[1], 12 p. :$bill., tables ;$c27 cm.
=490  1\$aPhysical sciences research papers ;$vno. 81$5FU
=490  1\$aAFCRL ;$v65-111$5FU
=500  \\$a"February 1965."$5FU
=500  \\$aAD613104 (from http://www.ntis.gov).$5FU
=500  \\$aUpper Atmosphere Physics Laboratory Project 8627.$5FU
=500  \\$aResearch supported by the Upper Atmosphere Physics Laboratory, Air Force Cambridge Research Laboratories, Office of Aerospace Research, United States Air Force, L. G. Hanscom Field, Massachusetts.$5FU
=500  \\$aReprinted from the Journal of Chemical Physics, Vol. 41, No. 7, pp. 2141-2152, 1 October 1964.$5FU
=650  \0$aUltraviolet spectra.
=650  \0$aAbsorption spectra.
=650  \0$aHydrogen.
=710  2\$aAir Force Cambridge Research Laboratories (U.S.)
=830  \0$aPhysical sciences research papers (Air Force Cambridge Research Laboratories (U.S.)) ;$vno. 81.
=830  \0$aAFCRL ;$v65-111.
=951  \\$108$aUFU01:005537179;$5FU

