=LDR  02056cam a2200349Ka 4500
=001  030169523
=005  20120209102304.0
=008  090414e197404\\maua\\\\\tb\\f000\0\eng\d
=019  \\$a52256218
=035  \\$a(OCoLC)318460005
=040  \\$aLHL$cLHL$dFUG
=086  0\$aD 301.45/10:218
=088  \\$aAFCRL TR 74-200
=088  \\$aAD 780619
=100  1\$aGildenberg, Bernard D.
=245  10$aEquations derived for computer programming of helium inflations for large plastic balloons /$cBernard D. Gildenberg.
=260  \\$aL. G. Hanscom Field, Mass. :$bAir Force Cambridge Research Laboratories, Air Force Systems Command, United States Air Force,$c1974.
=300  \\$a17 p. :$bill., tables ;$c28 cm.
=490  1\$aAFCRL-TR ;$v74-0200$5FU
=490  1\$aInstrumentation Papers ;$vNo. 218$5FU
=500  \\$a"22 April 1974."$5FU
=500  \\$aAD0780619 (from http://www.dtic.mil).$5FU
=500  \\$aAerospace Instrumentation Laboratory Project 6665.$5FU
=500  \\$aResearch supported by the Air Force Cambridge Research Laboratories, Air Force Systems Command, United States Air Force, L. G. Hanscom Field, Bedford, Massachusetts.$5FU
=504  \\$aIncludes bibliographical references.
=520  \\$aHelium inflation computations for large plastic research balloons are normally accomplished by a tedious mathematical procedure involving the use of tables which indicate available lift per tube at specified gas trailer pressures and temperatures. The tables evolved from MIT empirical data, and now have been approximated to within 0.1 lb of lift by a set of equations specifically developed for use in computer programs. The history of the tables, the advantages of converting from manual to computer processing of inflation computations, and resultant accuracies are covered in the report. (Author)
=650  \0$aBalloons, Sounding.
=650  \0$aHelium.
=710  2\$aAir Force Cambridge Research Laboratories (U.S.)
=830  \0$aAFCRL-TR (Series) ;$v74-0200.
=830  \0$aInstrumentation papers ;$vno. 218.
=951  \\$108$aUFU01:005539510;$5FU

