=LDR  01278nam a2200265Ii 4500
=001  030210312
=005  20120623080200.0
=008  831129s1962\\\\dcu\\\\\\\\\\i100|0\spa\d
=019  \\$a10168903
=035  \\$a(OCoLC)17086872
=040  \\$aKSW$cKSW$dFUG
=041  0\$aspaengporfre
=090  \\$aJX506$b1957 no.23
=099  \\$a341.08$aP1871t$ano. 23
=111  2\$aInternational American Conference$n(9th :$d1948 :$cBogotá, Colombia)
=245  00$aConvención interamericana sobre concesión de los derechos civiles a la mujer, suscrita en la Novena Conferencia Internacional Americana, Bogotá, marzo 30-mayo 2, 1948.$bInter-American convention on the granting of civil rights to women, signed at the Ninth International Conference of American States, Bogotá, March 30-May 2, 1948 ...
=260  \\$aWashington, D. C. :$bUnion Panamericana,$c1962.
=300  \\$a9 p. ;$c23 cm.
=490  1\$aSerie sobre tratados ;$v23$5FU
=490  0\$aOEA Documentos oficiales ;$vOEA/Ser.A/6(SEPF)$5FU
=500  \\$aEnglish, French, Portuguese, Spanish.$5FU
=650  \0$aWomen's rights$zAmerica.
=740  0\$aInter-American convention on the granting of civil rights to women.
=830  \0$aTreaty series (Pan American Union. General Legal Division) ;$vno. 23.
=951  \\$108$aUFU01:000433585;$5FU

