=LDR  02178cam a2200313I  4500
=001  030223623
=005  20120216145523.0
=008  090410e196805\\maua\\\\\t\\\f000\0\eng\d
=019  \\$a51894753
=035  \\$a(OCoLC)318201523
=040  \\$aLHL$cLHL
=086  0\$aD 301.45/4-3:68-272
=088  \\$aAFCRL 68-272
=100  1\$aWeiss, Bernard D.
=245  13$aAn analysis of the performance of the three-station SPARSA network for detecting and tracking thunderstorm activity /$cBernard D. Weiss.
=260  \\$aL. G. Hanscom Field, Mass. :$bAir Force Cambridge Research Laboratories, Office of Aerospace Research, United States Air Force,$c1968.
=300  \\$axiv, 181, [12], [7], [5], [12] p. :$bill. ;$c28 cm.
=490  1\$aAFCRL ;$v68-272$5FU
=490  1\$aInstrumentation papers ;$vno. 143$5FU
=500  \\$a"May 1968."$5FU
=500  \\$aAerospace Instrumentation Laboratory Project 6682, 6670.$5FU
=500  \\$aResearch supported by the Air Force Cambridge Research Laboratories, Office of Aerospace Research, United States Air Force, L. G. Hanscom Field, Bedford, Massachusetts.$5FU
=520  \\$aThis report presents an operational evaluation of the fully configured, three-station SPARSA network at Cape Kennedy Air Force Station. The purpose of the evaluation was to determine the network’s ability to detect and track thunderstorms and to show the growth and decay of active cells in the triangulation area depicted on the display console. The data were collected over a period of 37 days in the summer of 1967 and include a total of 70 thunderstorms. The tests indicate that when manned continuously the SPARSA equipment successfully identified all known areas of electrical activity and in most cases provided ample warnings of storm growth and decay within a 50-mile radius of the Cape Kennedy Control Center. Surface weather observations in and around the triangulation area were used to verify SPARSA information. (Author)
=650  \0$aThunderstorms.
=650  \0$aTracking radar.
=710  2\$aAir Force Cambridge Research Laboratories (U.S.)
=830  \0$aAFCRL ;$v68-272.
=830  \0$aInstrumentation papers ;$vno. 143.
=951  \\$108$aUFU01:005548416;$5FU

