=LDR  00974nam a2200277I  4500
=001  030254584
=005  20100727144935.0
=008  720821|1967|||||||\\\\\\\\\\|||||||fre|u
=010  \\$a   74364246 
=035  \\$a(OCoLC)00386105
=040  \\$cWSU$dm.c.
=090  \\$aBX324.3$b.P54 1967
=100  1\$aPierling, Paul,$d1840-1922.
=245  13$aLa Sorbonne et la Russie (1717-1747)
=260  \\$aParis,$bE. Laroux,$c1882.
=260  \\$a[The Hague,$bEurope Printing,$c1967]
=300  \\$a178 p.
=490  1\$aRussian reprint series ;$v56.$5FU
=490  1\$aBibliothèque slave elzévirienne ;$v3.$5FU
=504  \\$aBibliographical footnotes.
=610  20$aCatholic Church$xRelations$xOrthodox Eastern Church, Russian.
=610  20$aRusskai︠a︡ pravoslavnai︠a︡ t︠s︡erkovʹ$xRelations$xCatholic Church.
=610  20$aUniversité de Paris
=830  \0$aRussian reprint series ;$v56.
=830  \0$aBibliothèque slave elzévirienne ;$v3.
=951  \\$108$aUFU01:000932165;$5FU

