=LDR  03351cem a2200517Ia 4500
=001  030271745
=005  20120623080700.0
=008  821029s1981\\\\cou\\\\\\\a\\\\\0|\\eng\d
=034  1\$aa$b50000000$dW1800000$eE1800000$fN0900000$gS0900000
=035  \\$a(OCoLC)08904455
=040  \\$aGIS$cGIS$dOCL$dFUG
=052  \\$a3200
=099  \0$aG$a3201$a.C813$a1981$a.G4
=110  2\$aCLIMAP Project.
=245  10$aSeasonal reconstructions of the Earth's surface at the last Glacial Maximum /$cby Climap Project members: Andrew McIntyre, leader, LGM project ; Lamont-Doherty Geological Observatory of Columbia University.
=255  \\$aScale 1:50,000,000$c(W 180°--E 180°/N 90°--S 90°).
=260  \\$aBoulder, Colo. :$bGeological Society of America,$cc1981.
=300  \\$a18 maps :$bcol. ;$con 9 sheets 74 x 76 cm. or smaller +$e1 text (18 p. ; 28 cm.) + 1 microfiche (11 x 16 cm.)
=490  1\$aMap and chart series / Geological Society of America ;$vMC-36$5FU
=490  1\$aContribution / Lamont-Doherty Geological Observatory of Columbia University ;$vno. 3153$5FU
=500  \\$aAccompanied by text (18 p.) and microfiche, filed separately from maps.$5FU
=505  0\$aBiogeography of zooplankton assemblages for the modern and last glacial maximum. -- Biogeography of phytoplanktonic assemblages for the modern and last glacial maximum. -- Sea-surface temperature maps for August in the modern and last glacial maximum. -- Sea-surface temperature maps for February in the modern and last glacial maximum. -- Sea-surface temperature anomaly maps for August and February in the modern and last glacial maximum. -- Seasonality maps of sea-surface temperature in the modern and last glacial maximum. -- Maps of northern hemisphere continental ice, sea ice, and sea-surface temperatures in August for the modern and last glacial maximum. -- Maps of southern hemisphere continental ice, sea ice, and sea-surface temperatures in August for the modern and last glacial maximum. -- Albedo maps of land for the modern and last glacial maximum.$5FU
=500  \\$aMicrofiche and original envelope cover bound with accompanying text.$5FU
=650  \0$aPaleoclimatology$vMaps.
=650  \0$aGlacial climates$vMaps.
=650  \0$aPaleogeography$vMaps.
=650  \0$aPaleobiology$vMaps.
=650  \0$aGlacial epoch$vMaps.
=650  \0$aWorld maps.
=690  \9$aPaleoclimatology$xWorld$y1981$x1:50,000,000.$5FU
=691  \9$aWorld$xPaleoclimatology$y1981$x1:50,000,000.$5FU
=690  \9$aGlacial climates$zWorld$y1981$x1:50,000,000.$5FU
=691  \9$aWorld$xGlacial climates$y1981$x1:50,000,000.$5FU
=690  \9$aPaleogeography$zWorld$y1981$x1:50,000,000.$5FU
=691  \9$aWorld$xPaleogeography$y1981$x1:50,000,000.$5FU
=690  \9$aPaleobiology$zWorld$y1981$x1:50,000,000.$5FU
=691  \9$aWorld$xPaleobiology$y1981$x1:50,000,000.$5FU
=690  \9$aGlacial epoch$zWorld$y1981$x1:50,000,000.$5FU
=691  \9$aWorld$xGlacial epoch$y1981$x1:50,000,000.$5FU
=690  \9$aWorld maps$y1981$x1:50,000,000.$5FU
=700  1\$aMcIntyre, Andrew.
=710  2\$aLamont-Doherty Geological Observatory.
=710  2\$aGeological Society of America.
=830  \0$aMap and chart series (Geological Society of America) ;$vMC-36.
=830  \0$aContribution (Lamont-Doherty Geological Observatory) ;$vno. 3153.
=951  \\$108$aUFU01:001924941;$5FU

