=LDR  02770cam a2200613 a 4500
=001  030294068
=005  20131220144549.0
=008  110426s2012\\\\mnua\\\j\\\\\\001\0\eng\\
=010  \\$a2011012076
=020  \\$a9781617830808
=020  \\$a1617830801
=035  \\$a(OCoLC)707241017
=037  \\$a1331832$bQBI
=040  \\$aDLC$beng$cDLC$dQBX$dBTCTA$dXY4$dYDXCP$dIMT$dIK2$dBDX$dFUG
=042  \\$alcac
=050  00$aRA784$b.P4778 2012
=082  00$a613.2$222
=092  \\$a613.2$bPet
=100  1\$aPetrie, Kristin,$d1970-
=245  10$aFood and energy :$bstriking a healthy balance /$cKristin Petrie.
=246  30$aStriking a healthy balance
=260  \\$aEdina, Minn. :$bABDO Pub. Co.,$cc2012.
=300  \\$a32 p. :$bcol. ill. ;$c21 cm.
=490  1\$aMission, nutrition$5FU$5FOFT
=490  1\$aCheckerboard science library$5FU$5FOFT
=500  \\$aIncludes index.$5FU$5FOFT
=505  0\$aFinding balance -- In and out -- Calorie count -- Smart skills -- Decoding labels -- Serving sizes -- Balanced foods -- Keeping track -- Love your body -- Get going! -- A healthier you -- Glossary.$5FU$5FOFT
=520  \\$aFrom breakfast to dinner and everything in between, this title offers eager readers a fun look at energy balance. Bright, colorful photos will entice readers as they learn how to read nutrition labels and use serving sizes. Readers will also gain an understanding of the Food Guide Pyramid and ways to balance their energy in and energy out. Engaging chapters present skills for making smart food choices and approach issues related to BMI and body image in a straightforward, positive light. Smart sidebars highlight additional opportunities for exploring energy balance, while a full-page spread offers ideas from the Let's Move! campaign for balancing food and activity.
=599  \8$a030294068
=599  \\$a(FU)YBPTOC20131220$5FU
=650  \0$aDiet$vJuvenile literature.
=650  \0$aFood portions$vJuvenile literature.
=650  \0$aNutrition$vJuvenile literature.
=650  \1$aNutrition.
=650  \1$aFood portions.
=650  \1$aDiet.
=800  1\$aPetrie, Kristin,$d1970-$tMission, nutrition.
=830  \0$aCheckerboard science library.
=970  11$tFinding Balance$p4$5FU
=970  11$tIn and Out$p6$5FU
=970  11$tCalorie Count$p10$5FU
=970  11$tSmart Skills$p12$5FU
=970  11$tDecoding Labels$p14$5FU
=970  11$tServing Sizes$p18$5FU
=970  11$tBalanced Foods$p20$5FU
=970  11$tKeeping Track$p22$5FU
=970  11$tLove Your Body$p24$5FU
=970  11$tGet Going!$p26$5FU
=970  11$tHealthier You$p28$5FU
=970  01$tGlossary$p30$5FU
=970  01$tWeb Sites$p31$5FU
=970  01$tIndex$p32$5FU
=951  \\$107$aCFU01:002146390;$5FOFT
=951  \\$108$aUFU01:005557588;$5FU

