=LDR  01028nam a2200277Ia 4500
=001  030327548
=005  20110303113103.0
=008  950327s1993\\\\gw\\\\\\\b\\\\000|0\ger\d
=020  \\$a3890736548
=035  \\$a(OCoLC)32207630
=040  \\$aFUG$cFUG
=090  \\$aBD331$b.B781 1993
=100  1\$aBrunnhuber, Stefan.
=245  14$aDer dialogische Aufbau der Wirklichkeit :$bGemeinsame Elemente im Philosophiebegriff von Martin Buber, Martin Heidegger und Sigmund Freud /$cStefan Brunnhuber.
=260  \\$aRegensburg :$bS. Roderer,$c1993.
=300  \\$a156 p. ;$c21 cm.
=490  1\$aTheorie und Forschung ;$vBd. 242$5FU
=490  1\$aTheorie und Forschung.$aPhilosophie und Theologie ;$vBd. 17$5FU
=600  10$aFreud, Sigmund,$d1856-1939.
=600  10$aBuber, Martin,$d1878-1965.
=600  10$aHeidegger, Martin,$d1889-1976.
=650  \0$aReality.
=650  \0$aOntology.
=830  \0$aTheorie und Forschung ;$vBd. 242.
=830  \0$aTheorie und Forschung.$pPhilosophie und Theologie ;$vBd. 17.
=951  \\$108$aUFU01:001933363;$5FU

