=LDR  02362cam a2200553Ia 4500
=001  030351083
=005  20140724085136.0
=008  850423s1970\\\\wiu\\\\j\\\\\\000\1\eng\d
=019  \\$a8796989
=035  \\$a(OCoLC)11953217
=040  \\$aTCA$beng$cTCA$dVFC$dOCLCQ$dOCLCG$dCQF$dOCLCQ$dOCLCF$dFUG
=043  \\$an-us-ny
=049  \\$aFUGG
=050  \4$aPZ7.2$b.T187bm
=092  \\$a813$bC188sm
=099  \\$a23h43993
=100  1\$aCampbell, Julie,$d1908-1999.
=245  10$aTrixie Belden and the secret of the mansion /$cby Julie Campbell ; cover by Larry Frederick.
=246  30$aSecret of the mansion
=250  \\$a[5th ed.]
=260  \\$aRacine, Wis. :$bWestern Publishing Company, Inc.,$cc1970.
=300  \\$a[5]-236 p. ;$c20 cm.
=490  1\$aYour Trixie Belden library ;$v1
=490  1\$aA Whitman book
=500  \\$a"Whitman Mystery ; 1524"--Spine.
=500  \\$aGlossy color pictorial covered boards.
=500  \\$aLine drawings of portraits of Trixie and Honey--Endsheets.
=520  \\$aLife of thirteen year old Trixie Belden changes when Honey Wheeler moves into the Manor House and they discover Jim Frayne hiding in the old mansion. Trixie and Honey try to help Jim find the fortune rumoured to be hidden in his Uncle's house before his evil step-father finds him.
=599  \\$a030351083
=690  \4$aBldn$y1970$5FU
=650  \0$aDetective and mystery stories.
=650  \0$aBelden, Trixie (Fictitious character)$vJuvenile fiction.
=650  \0$aAdventure and adventurers.
=650  \0$aMissing persons$vJuvenile fiction.
=650  \0$aInheritance and succession$vJuvenile fiction.
=650  \0$aUnclaimed estates$vJuvenile fiction.
=650  \0$aRunaway children$vJuvenile fiction.
=650  \0$aChild detectives$vJuvenile fiction.
=650  \0$aStepfathers$vJuvenile fiction.
=650  \0$aBest friends$vJuvenile fiction.
=650  \0$aFriendship$vJuvenile fiction.
=651  \0$aNew York (State)$vJuvenile fiction.
=650  \7$aDetective and mystery stories.$2fast$0(OCoLC)fst00891461
=655  \7$aFamily stories$y1970.$2local
=655  \7$aMystery and detective fiction$y1970.$2rbgenr
=700  1\$aFrederick, Larry$c(Illustrator)$eillustrator.
=710  2\$aWestern Publishing Company,$epublisher.
=800  1\$aCampbell, Julie,$d1908-1999.$tYour Trixie Belden library ;$v1.
=830  \0$aWhitman book.

