=LDR  01699cas a2200421 a 4500
=005  20130715103429.0
=008  790827u19uuuuuudcu\x\\\\l\\\f0\\\\0eng\c
=010  \\$asn 88028962
=035  \\$a(OCoLC)05312665
=040  \\$aIXA$beng$cIXA$dNYG$dSLU$dDLC$dOCLCQ$dDLC$dOCL$dIUL$dOCLCQ
=042  \\$apcc
=043  \\$an-us---
=049  \\$aFUGG
=050  00$aKF2661.9$b.U55
=074  \\$a838
=086  0\$aP 1.11/3:
=092  \\$a383.4973$bU59p
=110  1\$aUnited States.
=245  10$aPostal laws.
=260  \\$aWashington, D.C. :$bPost Office Dept. :$bFor sale by the Supt. of Docs., U.S. G.P.O.
=300  \\$avolumes ;$c23 cm.
=310  \\$aIrregular
=336  \\$atext$btxt$2rdacontent
=337  \\$aunmediated$bn$2rdamedia
=338  \\$avolume$bnc$2rdacarrier
=490  1\$a<1956>-Transmittal letter 20 (May 1, 1970): POD publication ;$v11
=490  1\$aTransmittal letter 21 (Nov. 1971)-: Publication ;$v11
=515  \\$aIssues for <Apr. 1, 1967-> also called <transmittal letter 14->
=550  \\$aVol. for <1956>-transmittal letter 20 (May 1, 1970) issued by: U.S. Post Office Dept.; Transmittal letter 21 (Nov 19, 1971)- issued by: United States Postal Service.
=588  \\$aDescription based on: 1956; title from cover.
=588  \\$aLatest issue consulted: Transmittal Letter 24 (Dec. 12, 1973).
=650  \0$aPostal service$xLaw and legislation$zUnited States.
=710  1\$aUnited States.$bPost Office Department.
=710  2\$aUnited States Postal Service.
=780  00$aUnited States.$tPostal laws and regulations$w(DLC) 05027882$w(OCoLC)18365889
=830  \0$aPOD publication ;$v11.
=830  \0$aPublication (United States Postal Service) ;$v11.
=850  \\$aDLC$aN

