=LDR  00988nam a2200277Ia 4500
=001  030377177
=005  20120623081600.0
=008  880811s1982\\\\enk\\\\\\\\\\\000|0\eng\d
=020  \\$a0861590333
=035  \\$a(OCoLC) 09546312
=040  \\$aFDA$cFDA
=090  \\$aCJ1102$b.C37 v. 3
=245  04$aThe Blackmoor hoard /$c[edited by] Roger Bland.
=260  \\$aLondon :$bBritish Museum,$c1982.
=300  \\$av, 115 p. :$bill. ;$c30 cm.
=490  0\$aCoin hoards from Roman Britain ;$vv. 3$5FTaSU
=490  1\$aOccasional paper / British Museum ;$vno. 33$5FTaSU
=500  \\$aOn cover: Department of Coins and Medals.$5FTaSU
=504  \\$aIncludes bibliographical references.
=650  \0$aCoin hoards$zGreat Britain.
=650  \0$aCoins, Roman$zGreat Britain.
=651  \0$aGreat Britain$xAntiquities, Roman.
=700  1\$aBland, Roger.
=710  2\$aBritish Museum.$bDept. of Coins and Medals.
=830  \0$aOccasional paper (British Museum) ;$vno. 33.
=951  \\$105$aFSU01:000940530;$5FTaSU

