=LDR  01062nam a22003014a 4500
=001  030413384
=005  20120623082000.0
=008  030527s2003\\\\sp\\\\\\\b\\\\000|0\spa\\
=010  \\$a  2003456106
=020  \\$a8474858607
=035  \\$a(OCoLC)52757626
=040  \\$aDLC$cDLC$dFUG
=042  \\$apcc
=050  00$aGN380$b.G65 2002
=100  1\$aGómez del Prado, José Luis.
=245  10$aPueblos indígenas :$bnormas internacionales y marcos nacionales /$cJosé Luis Gómez del Prado.
=260  \\$aBilbao :$bUniversidad de Deusto,$c2002.
=300  \\$a122 p. ;$c22 cm.
=490  1\$aCuadernos Deusto de derechos humanos ;$vNúm. 21$5FU
=490  1\$aDerechos humanos$5FU
=504  \\$aIncludes bibliographical references.
=650  \0$aIndigenous peoples$xSocial conditions.
=650  \0$aIndigenous peoples$xCivil rights.
=650  \0$aIndigenous peoples$xGovernment relations.
=650  \0$aHuman rights.
=830  \0$aCuadernos Deusto de derechos humanos ;$vno. 21.
=830  \0$aSerie Derechos humanos (Bilbao, Spain).
=951  \\$108$aUFU01:002956365;$5FU

