=LDR  01519cam a22003731  4500
=001  030443206
=005  20130128091908.0
=008  770602s1963\\\\dcu\\\\\\b\\\f000\0\eng\c
=010  \\$ahew63000059
=016  7\$a000097935$2Uk
=019  \\$a150476889$a277201246$a606942726
=035  \\$a(OCoLC)03010844
=040  \\$aU.S. Dept. of Health, Education, and Welfare. Library.$beng$cBSC$dDLC$dSER$dUAU$dLGG$dPHA$dUKMGB$dFUG
=042  \\$apremarc
=043  \\$ae-cs---
=049  \\$aFUGG
=050  00$aL111$b.A6 1963, no. 27
=051  \\$aLA688.C95$bA63
=082  04$a370.9437$bA639e
=086  0\$aFS 5.214:14090
=088  \\$aUS1 NH377 63B27
=100  1\$aApanasewicz, Nellie Mary,$d1922-1998.
=245  10$aEducation in Czechoslovakia /$c[by] Nellie Apanasewicz, in collaboration with Seymour M. Rosen.
=260  \\$a[Washington] :$bU.S. Dept. of Health, Education and Welfare, Office of Education :$b[for sale by the Superintendent of Documents, U.S. Govt. Print. Off.,$c1963]
=300  \\$aiii, 40 p. ;$c24 cm.
=490  1\$aStudies in comparative education
=490  1\$aUnited States. Office of Education. Bulletin 1963,$vno. 27
=490  1\$aOE ;$v14090
=504  \\$aBibliography: p. 39-40.
=650  \0$aEducation$zCzechoslovakia.
=830  \0$aStudies in comparative education (United States. Office of Education)
=830  \0$aBulletin (United States. Office of Education) ;$v1963, no. 27.
=830  \0$aOE (Series) (United States. Office of Education) ;$v14090.
=951  \\$105$aFSU01:000951327;$5FTaSU

