=LDR  01019nam a2200229Ia 4500
=001  030473728
=005  20111117111109.0
=008  900130s1989\\\\th\a\\\\\\\\\\000|0\eng\d
=035  \\$a(OCoLC)20974170
=040  \\$aCSB$cCSB
=090  \\$aHQ1735.3$b.W66 1989
=110  2\$aUnesco.$bPrinciple Regional Office for Asia and the Pacific.
=245  10$aWomen in Asia :$bbeyond the domestic domain; survey of women's outside roles in India - Indonesia - Thailand.
=260  \\$aBangkok, Thailand :$bUnesco Principle Regional Office for Asia and the Pacific,$c1989.
=300  \\$a393 p. :$bill. ;$c23 cm.
=490  1\$aSocial and human sciences in Asia and the Pacific$5FU
=490  1\$aRUSHSAP series on monographs and occasional papers ;$v24$5FU
=504  \\$aIncludes bibliographical references (p. 367-392).
=650  \0$aWomen's rights$zAsia.
=650  \0$aSex role$zAsia.
=830  \0$aSocial and human sciences in Asia and the Pacific.$pRUSHSAP series on occasional monographs and papers ;$v13
=951  \\$108$aUFU01:001481908;$5FU

