=LDR  01932cem a2200433Ia 4500
=001  030503048
=005  20120508160627.0
=007  aj\canzn
=008  781219s1974\\\\vauk\\\bd\a\\f\\0\\\eng\d
=019  \\$a221564852
=034  1\$aa$b5000000$dE0900000$eE1480000$fN0120000$gS0160000
=035  \\$a(OCoLC)04473119
=040  \\$aCOO$cCOO$dOCL$dDNU$dCOP$dOCLCQ$dSTF$dZWZ$dFUG
=043  \\$aa-io---
=045  \\$ax7x7
=050  14$aG8071.C55 1974$b.H3
=052  \\$a8071
=074  \\$a0619-G-08
=086  0\$aI 19.91:I-875-C
=100  1\$aHamilton, Warren.
=245  10$aEarthquake map of the Indonesian region /$ccompiled by Warren Hamilton ; ; Department of the Interior, United States Geological Survey ; prepared on behalf of the Ministry of Mines, Government of Indonesia and the Agency for International Development, U.S. Dept of State in cooperation with the Geological Survey of Indonesia.
=250  \\$a1974.
=255  \\$aScale 1:5,000,000 ;$bMercator proj.$c(E 90°--E 148°/N 12°--S 16°).
=260  \\$aReston, Va. :$bU.S. Geological Survey,$c1974.
=300  \\$a1 map :$bcol. ;$c62 x 130 cm., folded in envelope 30 x 24 cm.
=490  1\$aFolio of the Indonesian region$5FU
=490  1\$aMiscellaneous investigations series - U.S. Geological Survey ;$vmap I-875-C$5FU
=500  \\$aDepth shown by isolines.$5FU
=500  \\$a"Bathymetric contours, contour interval 1000 meters, with 200 meter contour added."$5FU
=504  \\$aIncludes bibliographical references.
=650  \0$aEarthquakes$zIndonesia$vMaps.
=650  \7$aSéismes$zIndonésie$xCartes.$2ram
=651  \7$aIndonésie$xCartes.$2ram
=710  2\$aGeological Survey (U.S.)
=710  1\$aIndonesia.$bDirektorat Geologi.
=740  0\$aFolio of the Indonesian region.
=830  \0$aFolio of the Indonesian region.
=830  \0$aMiscellaneous investigations series (Geological Survey (U.S.)) ;$vmap I-875-C.
=951  \\$108$aUFU01:005595607;$5FU

