=LDR  01115nam a2200289 i 4500
=001  030551127
=005  20120623083300.0
=008  790320s1978\\\\be\\\\\\\b\\\\000|0\eng\\
=010  \\$a   79302675 
=020  \\$a9282502910 :$c{dollar}1.60
=035  \\$a(OCoLC)04857144
=040  \\$aDLC$cDLC$dm.c.
=043  \\$ae------
=050  0\$aHF5429.6.E9$bC65 1978
=082  0\$a381
=110  2\$aCommission of the European Communities.
=245  14$aThe aspects of establishment, planning and control of urban retail outlets in Europe.
=260  \\$aBrussels :$bCommission of the European Communities ;$a[Washington, D.C. :$bsold by European Community Information Service] 1977,$cc1978.
=300  \\$a46 p. ;$c25 cm.
=490  1\$aSeries commerce and distribution ;$vno. 4$5FU
=490  0\$aCollection studies - Commission of the European Communities$5FU
=500  \\$a"Catalogue number CB-NK-78-004-EN-C."$5FU
=504  \\$aIncludes bibliographical references.
=650  \0$aRetail trade$zEurope.
=650  \0$aWholesale trade$zEurope.
=830  \0$aCommerce and distribution series ;$vno. 4.
=951  \\$108$aUFU01:001496340;$5FU

