=LDR  01604cam a2200313Ia 4500
=001  030592040
=005  20120515092400.0
=008  001219s1956\\\\dcua\\\\\bf\\f001\0\eng\d
=035  \\$a(OCoLC)45593629
=040  \\$aVIC$cVIC$dOCLCQ$dUIU$dFUG
=043  \\$an-us---
=074  \\$a0329
=086  0\$aD 101.11:9-9818-1
=245  00$a22-inch diameter capacity 8- x 3/4-inch wheel size 3-phase, 60-cycle 220-volt rotary surface grinding machine (Van Norman model 444 and 444 Super) (40-G-167) /$cDepartment of the Army and the Air Force.
=246  3\$aTwenty-two-inch diameter capacity eight x three-quarter-inch wheel size three-phase, sixty-cycle two hundred twenty-volt rotary surface grinding machine (Van Norman model 444 and 444 Super) (40-G-167)
=246  1\$iAt head of cover title:$aOperation, organizational maintenance, and field maintenance
=260  \\$aWashington, D.C. :$bDepartment of the Army and the Air Force,$c1956.
=300  \\$a125 p. :$bill. ;$c24 cm.
=490  1\$aTechnical manual ;$vTM 9-9818-1$5FU
=490  1\$aTechnical order ;$vno. 34F2-2-51-31$5FU
=500  \\$a"11 June 1956."$5FU
=504  \\$aIncludes bibliographical references (p. 117-119) and index.
=610  10$aUnited States.$bArmy$xEquipment$vHandbooks, manuals, etc.
=650  \0$aGrinding machines$xMaintenance and repair$vHandbooks, manuals, etc.
=710  1\$aUnited States.$bDepartment of the Army
=710  1\$aUnited States.$bDepartment of the Air Force
=830  \0$aDepartment of the Army technical manual ;$vno. 9-9818-1.
=830  \0$aAir Force TO ;$vno. 34F2-2-51-31.
=951  \\$108$aUFU01:005618246;$5FU

