=LDR  01772nam a2200349Ka 4500
=001  030606628
=005  20120612102434.0
=008  120529s1971\\\\dcua\\\\\bf\\f000\0\eng\d
=035  \\$a(OCoLC)794457340
=040  \\$aFUG$cFUG
=043  \\$an-us---
=086  0\$aD 101.11:10-500-23/3
=245  00$aAirdrop of supplies and equipment.$bRigging Air Force communication control vehicles.
=246  30$aRigging Air Force communication control vehicles
=260  \\$aWashington, D.C. :$bDepartments of the Army and the Air Force,$c[1971]
=300  \\$aiv, 55 p. :$bill. ;$c26 cm.
=490  1\$aTechnical manual ;$vTM 10-500-23$5FU
=490  1\$aAir Force technical order ;$vTO 13C7-14-461$5FU
=500  \\$aCover title.$5FU
=500  \\$a"January 1971."$5FU
=588  \\$aThis bibliographic record is available under the Creative Commons CC0 public domain dedication. The University of Florida Libraries, as creator of this bibliographic record, has waived all rights to it worldwide under copyright law, including all related and neighboring rights, to the extent allowed by law.
=500  \\$a"This manual supersedes TM 10-500-23/TO 13C7-14-461, 15 April 1968, including all changes".--P. i.$5FU
=504  \\$aIncludes bibliographical references (p. 55).
=650  \0$aCommunications, Military$xEquipment and supplies.
=650  \0$aVehicles, Military$xElectric equipment.
=650  \0$aAirdrop$xEquipment and supplies$vHandbooks, manuals, etc.
=650  \0$aParachutes$xRigging$vHandbooks, manuals, etc.
=710  1\$aUnited States.$bDepartment of the Army
=710  1\$aUnited States.$bDepartment of the Air Force
=830  \0$aDepartment of the Army technical manual ;$vTM 10-500-23.
=830  \0$aAir Force TO ;$v13 C 7-14-461.
=951  \\$108$aUFU01:005621661;$5FU

