=LDR  01581cam a22003611a 4500
=005  20130118101842.0
=008  831221s1940\\\\dcu\\\\\\\\\\f000\0\eng\c
=010  \\$ae 40000171
=016  7\$a003182646$2Uk
=019  \\$a187477013
=035  \\$a(OCoLC)10240209
=040  \\$aU.S. Off. of Educ. Library$beng$cDGW$dDLC$dEMU$dUKMGB$dWIH$dFUG
=049  \\$aFUGG
=050  00$aLC1045$b.A25 no. 202
=050  \4$aLB1027.5$b.R8
=082  04$a371.42$bU67 no.202
=086  0\$aI 16.54/3:202
=100  1\$aRuch, G. M.$q(Giles Murrel),$d1892-1943.
=245  10$aMinimum essentials of the individual inventory in guidance /$cby Giles M. Ruch and David Segel, consultants, Occupational Information and Guidance Service.
=260  \\$aWashington, D.C. :$bUnited States Department of the Interior, Office of Edcuation :$bUnited States Government Printing Office,$c1940.
=300  \\$avi, 83 p. :$c23 cm.
=490  1\$aVocational Division bulletin ;$vno. 202
=490  1\$aVocational Division bulletin ;$vno. 202.$aOccupational information and guidance series ;$vno. 2$5FU
=490  1\$aOccupational information and guidance series ;$vno. 2
=650  \0$aEducational counseling.
=650  \0$aVocational guidance.
=650  \0$aEducational tests and measurements.
=650  \0$aGrading and marking (Students)
=700  1\$aSegel, David,$d1894-1972,$ejoint author.
=710  1\$aUnited States.$bDivision of Vocational Education.
=830  \0$aVocational Division bulletin ;$vno. 202.
=830  \0$aOccupational information and guidance series ;$vno. 2.
=951  \\$108$aUFU01:005634493;$5FU

