=LDR  01789cam a2200409 a 4500
=001  030650825
=005  20120714130837.0
=008  840508s1983\\\\nyua\\\\\b\\\s000\0\eng\\
=010  \\$a84621264
=029  1\$aAU@$b000004491297
=029  1\$aNLGGC$b167250914
=035  \\$a(OCoLC)10673680
=040  \\$aDLC$cDLC$dEL${dollar}dBTCTA$dFUG
=043  \\$an-mx---
=049  \\$aFUGG
=050  \0$aHD1407$b.C67 no. 83-33$aHD9200.M53T3
=082  00$a338.1/7374/097263$219
=100  1\$aScherr, Sara J.
=245  10$aResolving the agriculture-petroleum conflict :$bthe experience of cacao smallholders in Mexico /$cSara J. Scherr.
=260  \\$aIthaca, N.Y. :$bDept. of Agricultural Economics, New York State College of Agriculture and Life Sciences, Cornell University,$c[1983]
=300  \\$avi, 236 p. :$bill. ;$c28 cm.
=490  1\$aCornell/international agricultural economics study ;$v20
=490  1\$aA.E. research ;$v83-33 (Aug. 1983)
=500  \\$aCover title.
=500  \\$aAbridgement of thesis (Ph. D)--New York State College of Agriculture and Life Sciences, Ithaca, N.Y.
=504  \\$aBibliography: p. 218-232.
=650  \0$aCocoa trade$xGovernment policy$zMexico$zTabasco (State)
=650  \0$aPetroleum industry and trade$xGovernment policy$zMexico$zTabasco (State)
=650  \0$aFarms, Small$xGovernment policy$zMexico$zTabasco (State)
=650  \4$aPetróleo$xIndustria y comercio$zTabasco
=650  \4$aAgricultura$zMéxico$zTabasco
=710  2\$aNew York State College of Agriculture and Life Sciences.$bDepartment of Agricultural Economics.
=796  13$aHildebrand, Peter A.,$edonor.$5FU
=830  \0$aCornell/international agricultural economics study ;$v20.
=830  \0$aA.E. res ;$v83-33.
=994  \\$aC0$bFUG
=938  \\$aBaker and Taylor$bBTCP$n84621264 //r893

