=LDR  01441cam a22003251  4500
=001  030658787
=005  20120807165108.0
=008  920420r19651965dcu\\\\\\\\\\f000\0\eng\c
=010  \\$asd 65000009
=035  \\$a(OCoLC)25678416
=040  \\$aU.S. Dept. of State. Library$cDOS$dDLC$dKEN$dVIC$dCLU$dFUG
=042  \\$apremarc
=043  \\$aee-----
=049  \\$aFUGG
=050  00$aDR48.5$b.S35
=086  0\$aS 1.71:204
=100  1\$aSchaetzel, J. Robert,$d1917-
=245  14$aThe impact of change in Eastern Europe on the Atlantic partnership.
=260  \\$a[Washington]$bDept. of State; [for sale by the Superintendent of Documents, U.S. Govt. Print. Off.,$c1965]
=300  \\$a11 p.$c26 cm.
=490  1\$aDepartment of State publication$v7939
=490  1\$aGeneral foreign policy series,$v204
=500  \\$aCover title.
=500  \\$a"Address made at a conference on "East-West Relations: Their Impact on the Atlantic Alliance," sponsored by the University of California at Los Angeles Institute of International and Foreign Studies at Lake Arrowhead, Calif., on Apr. 3."
=500  \\$a"Reprinted from the Department of State Bulletin of July 26, 1965."
=651  \0$aEurope, Eastern$xPolitics and government.
=650  \0$aWorld politics$y1955-1965.
=610  20$aNorth Atlantic Treaty Organization.
=830  \0$aDepartment of State publication ;$v7939.
=830  \0$aDepartment of State publication.$pGeneral foreign policy series$v204.

