=LDR  01594nam a2200337Ka 4500
=001  030665935
=005  20120831144925.0
=008  120822s1961\\\\caua\\\\\b\\\f000\0\eng\d
=035  \\$a(OCoLC)807737371
=040  \\$aFUG$cFUG
=049  \\$aFUGG
=086  0\$aD 301.45/4-3:358
=100  1\$aAndreasen, M. G.
=245  10$aFlush-mounted surface-wave launcher /$cby M.G. Andreasen.
=260  \\$aMenlo Park, Calif. :$bStanford Research Institute,$c[1961]
=300  \\$aiv, 47 leaves :$bill. ;$c28 cm.
=490  1\$aAFCRL ;$v358
=490  1\$aScientific report ;$v11
=500  \\$a"March 1961."
=500  \\$a"SRI Project No. 2605."
=500  \\$a"Contract AF 19(604)-3502."
=500  \\$a"Prepared for: Electronics Research Directorate, Air Force Cambridge Research Laboratories, Office of Aerospace Research, United States Air Force, Laurence G. Hanscom Field, Bedford, Massachusetts."
=504  \\$aIncludes bibliographical references (leaf 47).
=588  \\$aThis bibliographic record is available under the Creative Commons CC0 public domain dedication. The University of Florida Libraries, as creator of this bibliographic record, has waived all rights to it worldwide under copyright law, including all related and neighboring rights, to the extent allowed by law.
=650  \0$aSlot antennas.
=650  \0$aWave guides.
=650  \0$aDielectrics.
=710  2\$aStanford Research Institute.
=710  2\$aAir Force Cambridge Research Laboratories (U.S.).$bElectronics Research Directorate.
=830  \0$aAFCRL ;$v358.
=830  \0$aScientific report (Stanford Research Institute) ;$v11.

