=LDR  00887cam a2200229Ka 4500
=001  030702654
=005  20120907143208.0
=008  080623s1963\\\\dcu\\\\\\\\\\f000\0\eng\d
=035  \\$a(OCoLC)232551980
=040  \\$aWAU$cWAU$dFUG
=049  \\$aFUGG
=086  0\$aS 1.69:119
=245  00$aYou and your passport :$bapplication requirements, vaccinations, care of your passport, visas, getting along abroad.
=250  \\$aRev.
=260  \\$a[Washingtion, D.C.] :$bU.S. Dept. of State, Passport Office,$c1963.
=300  \\$a1 folded sheet ([9] p.) ;$c20 cm.
=490  1\$aDepartment and foreign service series,$v119
=490  1\$aDepartment of State publication ;$v7564
=500  \\$a"Released August 1963."
=710  1\$aUnited States.$bPassport Office.
=830  \0$aDepartment of State publication ;$v7564.
=830  \0$aDepartment of State publication.$pDepartment and Foreign Service series ;$v119.

