=LDR  02498cam a2200517Ka 4500
=001  030706453
=005  20131004122146.0
=006  m\\\\\\\\d\\\\\\\\
=007  cr\cnu\\\unuuu
=008  120904s2012\\\\gw\\\\\\ob\\\\101\0\eng\d
=020  \\$a9783642332500 (electronic bk.)
=020  \\$a3642332501 (electronic bk.)
=020  \\$z9783642332494
=035  \\$a(OCoLC)809055917
=040  \\$aGW5XE$cGW5XE$dCOO
=049  \\$aFHMM
=050  \4$aJF799$b.E63 2012
=082  04$a324.7/202854678$223
=111  2\$aePart 2012$d(2012 :$cKristiansand, Norway)
=245  10$aElectronic participation$h[electronic resource] :$b4th IFIP WG 8.5 International Conference, ePart 2012, Kristiansand, Norway, September 3-5, 2012. Proceedings /$cEfthimios Tambouris, Ann Macintosh, Øystein Sbæø (eds.).
=246  3\$aePart 2012
=260  \\$aBerlin ;$aNew York :$bSpringer,$cc2012.
=300  \\$a1 online resource.
=490  1\$aLecture notes in computer science,$x0302-9743 ;$v7444
=490  1\$aLNCS sublibrary. SL 3, Information systems and application, incl. Internet/Web and HCI
=500  \\$aInternational conference proceedings.
=504  \\$aIncludes bibliographical references and author index.
=650  \0$aPolitical participation$xComputer networks$vCongresses.
=650  \0$aPolitical participation$xTechnological innovations$vCongresses.
=650  \0$aElectronic voting$vCongresses.
=650  \0$aInternet in public administration$vCongresses.
=653  \4$aComputer science.
=653  \4$aInformation systems.
=653  \4$aComputer Appl. in Administrative Data Processing.
=653  \4$aComputers and Society.
=653  \4$aInformation Systems Applications (incl. Internet).
=653  \4$aUser Interfaces and Human Computer Interaction.
=655  \4$aElectronic books.
=700  1\$aTambouris, Efthimios.
=700  1\$aMacintosh, Ann,$d1951-
=700  1\$aSbæø, Øystein.
=830  \0$aLecture notes in computer science ;$v7444.
=830  \0$aLNCS sublibrary.$nSL 3,$pInformation systems and applications, incl. Internet/Web, and HCI.
=856  40$3SpringerLink$uhttp://ezproxy.lib.usf.edu/login?url=http://dx.doi.org/10.1007/978-3-642-33250-0$yUSF ONLINE ACCESS$5FTS
=856  40$3SpringerLink$uhttp://dx.doi.org/10.1007/978-3-642-33250-0$yUF: Off-campus access limited to current UF students & employees$5FU
=856  40$yUCF: Click here for ONLINE ACCESS$uhttps://login.ezproxy.net.ucf.edu/login?url=http://dx.doi.org/10.1007/978-3-642-33250-0$zSpringerLink$5FOFT

