=LDR  01148nam a2200289Ii 4500
=001  030709994
=005  20120927151859.0
=008  120927s1971\\\\tnu\\\\\\i\\\f000\0\eng\d
=035  \\$a(OCoLC)811259587
=040  \\$aFUG$cFUG
=049  \\$aFUGG
=086  0\$aER 1.11:FIND-50367 (7-71)
=088  \\$aFIND-50367 (7-71)
=100  1\$aSmith, James G.
=245  10$aBailly Generating Station Nuclear 1 :$bNorthern Indiana Public Service Company /$cJames G. Smith, editor.
=260  \\$aOak Ridge, TN :$bU.S. Atomic Energy Commission, Division of Technical Information Extension,$c1971.
=300  \\$ai, 11 p. ;$c28 cm.
=490  1\$aFiche index for nuclear dockets
=490  0\$aFIND-50367 (7-71)
=500  \\$a"July 30, 1971."
=500  \\$aIncludes list of indexes issued.
=610  20$aNorthern Indiana Public Service Company.
=610  20$aBailly Nuclear Power Plant (Ind.)
=650  \0$aNuclear reactors$xDesign and construction$vIndexes.
=710  2\$aU.S. Atomic Energy Commission.$bOffice of Information Services.
=710  2\$aU.S. Atomic Energy Commission.$bAdvisory Committee on Reactor Safeguards.
=830  \0$aFiche index for nuclear dockets.

