=LDR  01185nam a2200301Ii 4500
=001  030758787
=005  20121005142526.0
=008  121005s1974\\\\tnu\\\\\\i\\\f000\0\eng\d
=035  \\$a(OCoLC)812029171
=040  \\$aFUG$cFUG
=043  \\$an-us-ny
=049  \\$aFUGG
=086  0\$aER 1.11:FIND-50220
=088  \\$aFIND-50220
=100  1\$aCarter, Elizabeth P.
=245  10$aNine Mile Point Nuclear Station :$bUnit 1, Niagara Mohawk Power Corporation /$cElizabeth P. Carter, editor.
=260  \\$aOak Ridge, TN :$bU.S. Atomic Energy Commission, Office of Information Services,$c1974.
=300  \\$aiii, 24 p. ;$c28 cm.
=490  1\$aFiche index for nuclear dockets
=490  0\$aFIND-50220
=500  \\$a"April 1974."
=500  \\$aIncludes list of indexes issued.
=610  20$aNiagara Mohawk Power Corporation.
=610  20$aJames A. FitzPatrick/Nine Mile Point Nuclear Power Plant (N.Y.)
=650  \0$aNuclear reactors$zNew York (State)$xDesign and construction$vIndexes.
=710  2\$aU.S. Atomic Energy Commission.$bOffice of Information Services.
=710  2\$aU.S. Atomic Energy Commission.$bAdvisory Committee on Reactor Safeguards.
=830  \0$aFiche index for nuclear dockets.

