=LDR  02712cam a2200397Ia 4500
=001  030774453
=005  20150204122717.0
=006  m\\\\\o\\d\f\\\\\\
=007  cr\|||
=008  120808s1968\\\\enk\\\\\oz\\\f000\0\eng\d
=035  \\$a(OCoLC)805397160
=037  \\$a09-047$bLLMC
=040  \\$aLLMC2$cLLMC2$dLLMC2
=043  \\$af-za---
=049  \\$aELEC
=110  1\$aGreat Britain.
=240  10$aTreaties, etc.$gNorthern Rhodesia,$d1962 Jan. 11
=245  10$aAgreement between the government of the United Kingdom of Great Britain and Northern Ireland and the government of Northern Rhodesia concerning the employment of certain officers in the public service of Northern Rhodesia$h[electronic resource] :$bsigned at London, 11 January 1962 and at Lusaka, 30 January 1962 (the agreement is deemed to have entered into force on 1 April 1961) /$cpresented to Parliament by the Secretary of State for Commonwealth Affairs by command of Her Majesty, March 1968.
=260  \\$aLondon :$bH.M.S.O.,$c[1968]
=300  \\$a1 online resource (5 p.)
=490  1\$aZambia ;$vno. 1 (1968)
=490  1\$aCmnd. ;$v3554
=490  0\$aLaw Library Microform Consortium - Digital$5FTaFA
=588  \\$aDescription based on online resource; title from PDF title page (LLMC Digital, viewed Aug. 8, 2012).
=650  \0$aCivil service$zZambia.
=650  \0$aBritish$zZambia.
=651  \0$aZambia$xOfficials and employees$xSelection and appointment.
=651  \0$aZambia$xOfficials and employees$xPensions.
=710  1\$aGreat Britain.$bCommonwealth Office
=776  08$iPrint version:$aEngland.$sTreaties, etc.. II. Chronological Series. Elizabeth II. [1952- .]$tAgreement between the government of the United Kingdom of Great Britain and Northern Ireland and the government of Northern Rhodesia concerning the employment of certain officers in the public service of Northern Rhodesia. Signed at London, 11 January 1962 and at Lusaka, 30 January 1962, etc.$dLondon, 1968$w(OCoLC)560772778
=830  \0$aZambia (Great Britain. Commonwealth Office) ;$v1968, no. 1.
=830  \0$aCmnd ;$v3554.
=856  40$uhttp://famuproxy.fcla.edu/login?url=http://www.llmcdigital.org/default.aspx?redir=09047$zAccess limited to FAMU College of Law faculty, staff and students.$5FTaFA$5FTaFA
=856  40$uhttp://www.llmcdigital.org/default.aspx?redir=09047$yUF: Off-campus access limited to current UF students & employees$5FU
=856  40$uhttps://proxy.lib.fsu.edu/login?url=http://www.llmcdigital.org/default.aspx?redir=09047$yFSU: Off-campus access limited to current FSU students & employees$5FTaSU
=856  40$uhttp://ezproxy.fiu.edu/login?url=http://www.llmcdigital.org/default.aspx?redir=09047$yFIU users: view content here$5FMFIU

