=LDR  01978cam a2200397Ia 4500
=001  030777146
=005  20121023104342.0
=006  m||||||||d||||||||
=007  cr||n\\\\||a|a
=008  110908s2012\\\\scuabc\\sb\\\\000|0\eng\d
=035  \\$a(VaAlASP)ASP73859215/lrho
=035  \\$a(OCoLC)794123004
=040  \\$aBTCTA$beng$cBTCTA$dKLG$dKSL$dIMF$dVaAlASP
=043  \\$an-us-ky
=049  \\$aFGME
=100  1\$aFindling, John E.
=245  10$aLouisville's Crescent Hill$h[electronic resource] /$cJohn E. Findling.
=260  \\$aCharleston, S.C. :$bArcadia Pub.,$cc2012.
=300  \\$a1 online resource (127 p.).
=490  0\$aImages of America
=490  0\$aImages of America: a history of American life in images and texts
=504  \\$aIncludes bibliographical references (p. 127).
=505  0\$aPioneers and early history -- Homes -- Schools -- Churches -- Charitable homes and institutions -- Businesses -- Waterworks -- People and activities -- Crescent Hill and the 1974 tornado.
=533  \\$aElectronic reproduction.$bAlexandria, VA :$cAlexander Street Press,$d2012.$f(Images of America: a history of American life in images and texts).$nAvailable via World Wide Web.
=650  \0$aChurch buildings$zKentucky$zLouisville.
=650  \0$aCommercial buildings$zKentucky$zLouisville.
=650  \0$aDwellings$zKentucky$zLouisville.
=650  \0$aSchool buildings$zKentucky$zLouisville.
=651  \0$aCrescent Hill (Louisville, Ky.)$xBuildings, structures, etc.$vPictorial works.
=651  \0$aCrescent Hill (Louisville, Ky.)$xHistory$vPictorial works.
=651  \0$aCrescent Hill (Louisville, Ky.)$xSocial life and customs$vPictorial works.
=651  \0$aLouisville (Ky.)$xHistory$vPictorial works.
=776  1\$cOriginal$w(OCoLC)ocn752067892
=776  1\$cOriginal$z9780738592152 (pbk.) :$w(IMF) 2011941628
=856  40$zFull text available:$uhttp://ezproxy.fau.edu/login?url=http://www.aspresolver.com/aspresolver.asp?LRHO;73859215$5FBoU
=903  \\$bSoutheast

