=LDR  01232cam a22003013a 4500
=001  030777366
=005  20121023104916.0
=006  m||||||||d||||||||
=007  cr||n\\\\||a|a
=008  110908s2011\\\\scua\\\\s\\\\\000|0\eng\d
=035  \\$a(VaAlASP)ASP73857664/lrho
=035  \\$a(OCoLC)809792185
=040  \\$aBTCTA$beng$cBTCTA$dZIH$dVaAlASP
=049  \\$aFGME
=100  1\$aVaccaro, Christopher R.
=245  10$aHofstra athletics$h[electronic resource] /$cChris R. Vaccaro.
=260  \\$aCharleston, S.C. :$bArcadia Pub.,$cc2011.
=300  \\$a1 online resource (127 p.).
=490  0\$aImages of America: a history of American life in images and texts
=490  0\$aImages of sports
=500  \\$a"Forward by Craig 'Speedy' Claxton."
=533  \\$aElectronic reproduction.$bAlexandria, VA :$cAlexander Street Press,$d2012.$f(Images of America: a history of American life in images and texts).$nAvailable via World Wide Web.
=610  20$aHofstra University,$xSports.
=700  1\$aClaxton, Craig.
=776  1\$cOriginal$w(OCoLC)752067918
=776  1\$cOriginal$z9780738576640
=856  40$zFull text available:$uhttp://ezproxy.fau.edu/login?url=http://www.aspresolver.com/aspresolver.asp?LRHO;73857664$5FBoU
=903  \\$bNortheast

