=LDR  03879cjm a2200721Ia 4500
=001  030777863
=005  20130425132524.0
=006  m||||||||h||||||||
=007  cr||na\\\||a|a
=007  sz|z|nnnnnzned
=008  000412t19991955nyuopn\\s\\\\\\\\\\\ger\d
=035  \\$a(VaAlASP)ASP922633/clmu
=035  \\$a(OCoLC)809793394
=040  \\$aRBN$cRBN$dZJS$dVaAlASP
=049  \\$aFGME
=100  1\$aStrauss, Richard,$d1864-1949.
=240  10$aAriadne auf Naxos
=245  10$aAriadne auf Naxos$h[electronic resource] /$cRichard Strauss.
=260  \\$aNew York, NY :$bEMI Classics,$c[1999], p1955.
=300  \\$a1 online resource.
=490  0\$aClassical music library
=490  1\$aGreat recordings of the century
=500  \\$aOpera in one act with a prologue; libretto by Hugo von Hofmannsthal.
=500  \\$aPreviously released as compact discs.
=511  0\$a1st version: Elisabeth Schwarzkopf, Irmgard Seefried, Rita Streich, sopranos ; Rudolf Schock, tenor ; Hermann Prey, baritone ; other soloists ; Philharmonia Orchestra ; Herbert von Karajan, conductor.
=511  0\$a2nd version: Gundula Janowitz, Teresa Zylis-Gara, Sylvia Geszty, sopranos ; James King, Peter Schreier, tenors ; Theo Adam, Hermann Prey, baritones ; Orchestra of the Dresden State Opera ; Rudolf Kempe, conductor.
=518  \\$a1st version: Recorded June and July, 1954 in Kingsway Hall, London.
=518  \\$a2nd version: Recorded June and July 1968, Lukaskirche, Dresden.
=533  \\$aElectronic reproduction.$bAlexandria, VA :$cAlexander Street Press,$d2011.$f(Classical music library).$nAvailable via World Wide Web.
=546  \\$aSung in German.
=650  \0$aAriadne (Greek mythology)$xDrama.
=650  \0$aOperas.
=655  \7$aSound recordings.$2lcgft
=655  \7$aOnline audio.$2local$5FTS
=700  1\$aAdam, Theo.$4prf
=700  1\$aGeszty, Sylvia.$4prf
=700  1\$aHofmannsthal, Hugo von,$d1874-1929.$4lbt
=700  1\$aJanowitz, Gundula.$4prf
=700  1\$aKarajan, Herbert von.$4cnd
=700  1\$aKempe, Rudolf,$d1910-1976.$4cnd
=700  1\$aKing, James,$d1925-2005.$4prf
=700  1\$aPrey, Hermann,$d1929-1998.$4voc
=700  1\$aSchock, Rudolf,$d1915-1986.$4voc
=700  1\$aSchreier, Peter.$4prf
=700  1\$aSchwarzkopf, Elisabeth.$4voc
=700  1\$aStreich, Rita,$d1920-1987.$4voc
=700  1\$aZylis-Gara, Teresa.$4prf
=710  2\$aPhilharmonia Orchestra (London, England)$4prf
=710  2\$aStaatskapelle Dresden.$4prf
=776  1\$cOriginal publisher catalog number$o7 64159 2
=776  1\$cOriginal publisher catalog number$o7 64160 2
=776  1\$cOriginal publisher catalog number$o7 64161 2
=776  1\$cOriginal publisher catalog number$o7243 5 67156 2 2
=776  1\$cOriginal$w(DLC)82760634
=776  1\$cOriginal$w(OCoLC)ocm31446980
=830  \0$aGreat recordings of the century.
=856  40$31st version$uhttp://ezproxy.fau.edu/login?url=http://www.aspresolver.com/aspresolver.asp?CLMU;922633$5FBoU
=856  40$32nd version$uhttp://ezproxy.fau.edu/login?url=http://www.aspresolver.com/aspresolver.asp?CLMU;944342$5FBoU
=856  40$31st version$uhttp://ezproxy.fau.edu/login?url=http://www.aspresolver.com/aspresolver.asp?CLMU;922633$5FBoU
=856  40$32nd version$uhttp://ezproxy.fau.edu/login?url=http://www.aspresolver.com/aspresolver.asp?CLMU;944342$5FBoU
=856  40$3Alexander Street Press$uhttp://ezproxy.lib.usf.edu/login?url=http://www.aspresolver.com/aspresolver.asp?CLMU;944342$yUSF ONLINE ACCESS$5FTS
=856  40$yUCF: Click here for ONLINE ACCESS$31st version$uhttps://login.ezproxy.net.ucf.edu/login?url=http://www.aspresolver.com/aspresolver.asp?CLMU;922633$zClassical Music Library$5FOFT
=856  40$yUCF: Click here for ONLINE ACCESS$32nd version$uhttps://login.ezproxy.net.ucf.edu/login?url=http://www.aspresolver.com/aspresolver.asp?CLMU;944342$zClassical Music Library$5FOFT

