=LDR  02472nam a2200529Ka 4500
=001  030786625
=005  20131004125710.0
=006  m\\\\\\\\d\\\\\\\\
=007  cr\cnu\\\unuuu
=008  121023s2012\\\\gw\\\\\\ob\\\\101\0\eng\d
=020  \\$a9783642335587 (electronic bk.)
=020  \\$a3642335586 (electronic bk.)
=020  \\$z9783642335570
=035  \\$a(OCoLC)813972788
=040  \\$aGW5XE$cGW5XE
=049  \\$aFHMM
=050  \4$aQA76.612$b.C6 2012
=082  04$a005.1/16$223
=111  2\$aCP 2012$d(2012 :$cQuébec, Québec)
=245  10$aPrinciples and practice of constraint programming$h[electronic resource] :$b18th International Conference, CP 2012, Québec City, QC, Canada, October 8-12, 2012. Proceedings /$cMichela Milano (ed.).
=246  3\$aCP 2012
=260  \\$aBerlin ;$aNew York :$bSpringer,$cc2012.
=300  \\$a1 online resource.
=490  1\$aLecture notes in computer science,$x0302-9743,$v7514
=490  1\$aLNCS sublibrary. SL 2, Programming and software engineering
=500  \\$aInternational conference proceedings.
=504  \\$aIncludes bibliographical references and author index.
=650  \0$aConstraint programming (Computer science)$vCongresses.
=653  \4$aComputer science.
=653  \4$aComputer software.
=653  \4$aLogic design.
=653  \4$aElectronic data processing.
=653  \4$aComputational complexity.
=653  \4$aMathematical Logic and Formal Languages.
=653  \4$aNumeric Computing.
=653  \4$aAlgorithm Analysis and Problem Complexity.
=653  \4$aLogics and Meanings of Programs.
=653  \4$aDiscrete Mathematics in Computer Science.
=653  \4$aProgramming Languages, Compilers, Interpreters.
=655  \4$aElectronic books.
=700  1\$aMilano, Michela.
=830  \0$aLecture notes in computer science ;$v7514.
=830  \0$aLNCS sublibrary.$nSL 2,$pProgramming and software engineering.
=856  40$3SpringerLink$uhttp://ezproxy.lib.usf.edu/login?url=http://dx.doi.org/10.1007/978-3-642-33558-7$yUSF ONLINE ACCESS$5FTS
=856  40$3SpringerLink$uhttp://dx.doi.org/10.1007/978-3-642-33558-7$yUF: Off-campus access limited to current UF students & employees$5FU
=856  40$3SpringerLink$uhttp://ezproxy.fiu.edu/login?url=http://dx.doi.org/10.1007/978-3-642-33558-7$yFIU users: view content here$5FMFIU
=856  40$yUCF: Click here for ONLINE ACCESS$uhttps://login.ezproxy.net.ucf.edu/login?url=http://dx.doi.org/10.1007/978-3-642-33558-7$zSpringerLink$5FOFT

