=LDR  01658cam a2200337Ka 4500
=001  030801466
=005  20121114174744.0
=008  081017s1962\\\\nyua\\\\\bt\\f100\0\eng\d
=035  \\$a(OCoLC)262691842
=040  \\$aORE$beng$cORE$dOCLCQ$dBNLSR
=049  \\$aFTUG
=086  0\$aY 3.AT 7:22/BNL-756
=111  2\$aHigh-Temperature Liquid-Metal Heat Transfer Technology Meeting$n(2nd :$d1962 :$cUpton, N.Y.)
=245  10$aProceedings of 1962 high-temperature liquid-metal heat transfer technology meeting :$bMay 17 and 18, 1962.
=260  \\$aUpton, N.Y. :$bBrookhaven National Laboratory,$c1962.
=300  \\$av, 400 p. :$bill. ;$c28 cm.
=490  1\$aBNL-C ;$v35
=490  1\$aBNL (Series) ;$v756 (C-35)
=490  0\$aTID ;$v4500, 18th ed.
=583  \\$xSHORT ANALYTIC RECORD.
=500  \\$aBrookhaven National Laboratory [operated by] Associated Universities Inc. under contract with the U.S. Atomic Energy Commission. --c.p.
=504  \\$aIncludes bibliographical references.
=583  1\$awill digitize$c20110115$zQueued for digitization January 15, 2011$5miu$2pda
=650  \0$aMetals$xEffect of high temperatures on$vCongresses.
=650  \0$aHeat$xTransmission$vCongresses.
=650  \0$aLiquid metals$vCongresses.
=710  2\$aU.S. Atomic Energy Commission.
=710  2\$aBrookhaven National Laboratory.
=776  08$iOnline version:$aHigh-Temperature Liquid-Metal Heat Transfer Technology Meeting (2nd : 1962 : Upton, N.Y.)$tProceedings of 1962 high-temperature liquid-metal heat transfer technology meeting.$dUpton, N.Y. : Brookhaven National Laboratory, 1962$w(OCoLC)794880466
=830  \0$aBNL-C ;$v35.
=830  \0$aBNL (Series) ;$v756 C-35.

