=LDR  03337njm a22005533a 4500
=001  030815672
=005  20131121161759.0
=006  m||||||||h||||||||
=007  cr||na\\\||a|a
=007  sz|z|nnnnnzned
=008  120427r20051947enkcon||s|||||||||||zxx|d
=035  \\$a(VaAlASP)ASP929713/clmu
=035  \\$a(OCoLC)815765374
=040  \\$aVaAlASP$cVaAlASP
=049  \\$aFGME
=100  1\$aHaydn, Joseph,$d1732-1809.
=240  10$aConcertos,$mvioloncello, orchestra,$nH. VIIb, 1,$rC major
=245  10$aCello concertos nos. 1 & 2$h[electronic resource] /$cHaydn. Cello Concerto in B flat / Boccherini.
=260  \\$a[Hayes, Middlesex, England] :$bEMI Classics,$c[2005]
=300  \\$a1 online resource (79 min.).
=490  0\$aClassical music library
=490  1\$aGreat recordings of the century
=500  \\$aPreviously released as a compact disc; Previously released in 1967 (1st and 3rd works) and 1969 (2nd work).
=500  \\$aThe 3rd work performed in the free arrangement of Grützmacher, including the substitution of the 2nd movement from G. 480 (likewise arranged) for the original 2nd movement of G. 482; Cadenzas (3rd work) by Grützmacher.
=500  \\$aTitle from resource description page (viewed May 1, 2012).
=505  0\$aNo. 1 in C, Hob. VIIb:1 (26:01) ; No. 2 in D, Hob. VIIb:2 (29:49) / Joseph Haydn -- In B flat / Luigi Boccherini ; arr. Grützmacher (22:45).
=511  0\$aJacqueline Du Pré, violoncello ; London Symphony Orchestra, Sir John Barbirolli, conductor (2nd work) ; English Chamber Orchestra, Daniel Barenboim, conductor (remainder).
=518  \\$aRecorded Apr. 17 and 24 (1st and 3rd works) and Dec. 13 (2nd work),1967, No. 1 Studio, Abbey Road, London.
=533  \\$aElectronic reproduction.$bAlexandria, VA :$cAlexander Street Press,$d2011.$f(Classical music library).$nAvailable via World Wide Web.
=650  \0$aConcertos (Cello)
=650  \0$aConcertos (Cello), Arranged.
=655  \7$aSound recordings.$2lcgft
=655  \7$aOnline audio.$2local$5FTS
=700  1\$aBarbirolli, John,$d1899-1970.$4cnd
=700  1\$aBarenboim, Daniel,$d1942-$4cnd
=700  1\$aDu Pré, Jacqueline,$d1945-1987.$4itr
=700  1\$aGrützmacher, Friedrich,$d1832-1903.$4arr
=700  12$aBoccherini, Luigi,$d1743-1805.$tConcertos,$mvioloncello, orchestra,$nG. 482,$rB♭ major;$oarr.
=700  12$aBoccherini, Luigi,$d1743-1805.$tConcertos,$mvioloncello, string orchestra,$nG. 480,$rG major.$pAdagio;$oarr.
=700  12$aHaydn, Joseph,$d1732-1809.$tConcertos,$mvioloncello, orchestra,$nH. VIIb, 2,$rD major.
=710  2\$aEnglish Chamber Orchestra.$4prf
=710  2\$aLondon Symphony Orchestra.$4prf
=776  1\$cOriginal digital UPC number$o724356694859
=776  1\$cOriginal physical UPC number$o724356694828
=776  1\$cOriginal$w(OCoLC)ocm41128018
=830  \0$aGreat recordings of the century.
=856  40$zAccess restricted to subscribers.$uhttp://ezproxy.fau.edu/login?url=http://www.aspresolver.com/aspresolver.asp?CLMU;929713$5FBoU
=856  40$yUCF: Click here for ONLINE ACCESS$uhttps://login.ezproxy.net.ucf.edu/login?url=http://www.aspresolver.com/aspresolver.asp?CLMU;929713$zClassical Music Library$5FOFT
=856  40$3Alexander Street Press$uhttp://ezproxy.lib.usf.edu/login?url=http://www.aspresolver.com/aspresolver.asp?CLMU;929713$yUSF ONLINE ACCESS$5FTS

