=LDR  00980cam a2200277   4500
=001  030833733
=005  20121218155711.0
=008  740612s1973\\\\dcua\\\\\b\\\f000\0\eng\\
=010  \\$a73600286
=035  \\$a(OCoLC)00960012
=040  \\$aDLC$beng$cDLC$dOCLCQ$dBTCTA$dOCLCG$dAST$dOCLCO
=049  \\$aFTUG
=050  00$aTC175$b.M178
=082  00$a627/.1
=086  0\$aI 19.16:802-B
=100  1\$aMcQuivey, R. S.$q(Raul S.)
=245  10$aSummary of turbulence data from rivers, conveyance channels, and laboratory flumes :$bturbulence in water /$cby R.S. McQuivey.
=260  \\$aWashington :$bU.S. Govt. Print. Off.,$c1973.
=300  \\$avi, 66 p. :$billus. ;$c29 cm.
=490  1\$aTurbulence in water
=490  1\$aGeological Survey professional paper ;$v802-B
=504  \\$aBibliography: p. 28.
=650  \0$aChannels (Hydraulic engineering)$vTables.
=710  2\$aGeological Survey (U.S.)
=830  \0$aGeological Survey professional paper ;$v802-B.
=830  \0$aTurbulence in water.

