=LDR  02773ngm a22004333a 4500
=001  030853742
=005  20150224140721.0
=006  m||||||||c||||||||
=007  cr||n|\\\||a|a
=007  vz||zazu|
=008  120229s2006\\\\enk027||||||||s|||vleng|d
=035  \\$a(VaAlASP)ASP1742684/ediv
=035  \\$a(OCoLC)808817604
=040  \\$aVaAlASP$cVaAlASP
=245  04$aThe big rescue$h[electronic resource].
=260  \\$a[England] :$bTeachers TV/UK Department of Education,$c2006.
=300  \\$a1 online resource (27 min.).
=490  0\$aEducation in video
=490  0\$aBig challenge ;$v3
=500  \\$aTitle from resource description page (viewed Mar. 5, 2012).
=520  \\$aCan a team of staff from a Cornish Comprehensive become members of an air/sea rescue team and carry out a full-on training excercise in just 36 hours, and raise money for Red Nose Day too? Helen Bowman is an English and PE teacher at Mullion Comprehensive School on the Lizard, in Cornwall. Helen has no idea that her world is about to be turned upside down as she and two other staff members find out they have just 36 hours to complete a very ambitious challenge - to become part of an air/sea rescue team. Will she and her colleagues rise to the Challenge?
=530  \\$aPreviously released as DVD.
=533  \\$aElectronic reproduction.$bAlexandria, VA :$cAlexander Street Press,$d2012.$f(Education in video).$nAvailable via World Wide Web.
=546  \\$aThis edition in English.
=650  \0$aRescue work$xStudy and teaching.
=650  \0$aSearch and rescue operations.
=650  \0$aFund raising.
=655  \7$aNonfiction television programs.$2lcgft
=655  \7$aInstructional television programs.$2lcgft
=655  \7$aInternet videos.$2lcgft$5FMFIU
=710  2\$aBrook Lapping Productions.$4pro
=776  1\$cOriginal publisher catalog number$oC/1614/003
=856  40$yUCF: Click here for ONLINE ACCESS$uhttps://login.ezproxy.net.ucf.edu/login?url=http://www.aspresolver.com/aspresolver.asp?EDIV;1742684$zEducation in Video$5FOFT
=856  40$yUCF: Click here for ONLINE ACCESS$uhttp://library.ucf.edu/Web/purl.asp?pid=1373$zEducation in Video Home Page$5FOFT
=856  40$uhttp://www.aspresolver.com/aspresolver.asp?EDIV;1742684$yUF: Off-campus access limited to current UF students & employees$5FU
=856  40$uhttp://ezproxy.fiu.edu/login?url=http://www.aspresolver.com/aspresolver.asp?EDIV;1742684$yFIU users: view content here$5FMFIU
=856  40$uhttp://ezproxy.fau.edu/login?url=http://www.aspresolver.com/aspresolver.asp?EDIV;1742684$5FBoU
=856  40$uhttp://ezproxy.fgcu.edu/login?url=http://www.aspresolver.com/aspresolver.asp?EDIV;1742684$yConnect now$zFGCU: Off-campus access limited to current FGCU students & employees$5FFmFGC
=945  \\$aThe Whole World

