=LDR  02982ngm a22004093a 4500
=001  030853957
=005  20150224151626.0
=006  m||||||||c||||||||
=007  cr||n|\\\||a|a
=007  vz||zazu|
=008  120229s2005\\\\enk014||||||||s|||vleng|d
=035  \\$a(VaAlASP)ASP1736548/ediv
=035  \\$a(OCoLC)808817992
=040  \\$aVaAlASP$cVaAlASP
=245  00$aConstruction trades$h[electronic resource].
=260  \\$a[England] :$bTeachers TV/UK Department of Education,$c2005.
=300  \\$a1 online resource (14 min.).
=490  0\$aEducation in video
=490  0\$aSecondary 14-19 vocational ;$v3
=500  \\$aTitle from resource description page (viewed Mar. 5, 2012).
=520  \\$aWarwickshire's education department is a DfES 14-19 Pathfinder tasked to promote and improve collaboration between schools, FE colleges and training providers. Schools offer work-based learning opportunities to students of all abilities at KS4, providing every student with an opportunity to spend one day each week in the world of work. The programme features KS4 students enrolled on NVQ Level 1 courses at an adult learning centre in Nuneaton. They spend time working on a Lovell building site gaining hands-on experience alongside experienced tradespeople. Lovell is a national house builder with a building craft trades academy offering modern apprenticeships. Students on the KS4 course have the opportunity to progress to the academy or to FE courses at North Warwickshire and Hinckley College.
=530  \\$aPreviously released as DVD.
=533  \\$aElectronic reproduction.$bAlexandria, VA :$cAlexander Street Press,$d2012.$f(Education in video).$nAvailable via World Wide Web.
=546  \\$aThis edition in English.
=650  \0$aConstruction industry$xVocational guidance.
=655  \7$aNonfiction television programs.$2lcgft
=655  \7$aInstructional television programs.$2lcgft
=655  \7$aInternet videos.$2lcgft$5FMFIU
=710  2\$aMaverick Television (Television network)$4pro
=776  1\$cOriginal publisher catalog number$o032050019S
=856  40$yUCF: Click here for ONLINE ACCESS$uhttps://login.ezproxy.net.ucf.edu/login?url=http://www.aspresolver.com/aspresolver.asp?EDIV;1736548$zEducation in Video$5FOFT
=856  40$yUCF: Click here for ONLINE ACCESS$uhttp://library.ucf.edu/Web/purl.asp?pid=1373$zEducation in Video Home Page$5FOFT
=856  40$uhttp://www.aspresolver.com/aspresolver.asp?EDIV;1736548$yUF: Off-campus access limited to current UF students & employees$5FU
=856  40$uhttp://ezproxy.fiu.edu/login?url=http://www.aspresolver.com/aspresolver.asp?EDIV;1736548$yFIU users: view content here$5FMFIU
=856  40$uhttp://ezproxy.fau.edu/login?url=http://www.aspresolver.com/aspresolver.asp?EDIV;1736548$5FBoU
=856  40$uhttp://ezproxy.fgcu.edu/login?url=http://www.aspresolver.com/aspresolver.asp?EDIV;1736548$yConnect now$zFGCU: Off-campus access limited to current FGCU students & employees$5FFmFGC
=945  \\$aThe Whole World

