=LDR  03401ngm a22004693a 4500
=001  030854169
=005  20150224141801.0
=006  m||||||||c||||||||
=007  cr||n|\\\||a|a
=007  vz||zazu|
=008  120229s2008\\\\enk016||||||||s|||vleng|d
=035  \\$a(VaAlASP)ASP1737402/ediv
=035  \\$a(OCoLC)808818234
=040  \\$aVaAlASP$cVaAlASP
=245  00$aEnabling environments$h[electronic resource].
=260  \\$a[England] :$bTeachers TV/UK Department of Education,$c2008.
=300  \\$a1 online resource (16 min.).
=490  0\$aEducation in video
=490  0\$aEYFS today ;$v2
=500  \\$aTitle from resource description page (viewed Mar. 5, 2012).
=520  \\$aOakwood Primary's foundation stage unit is typical of many in inner cities. They've spent time developing a learning environment capable of supporting child-centred play, the children themselves having an input into how the environment looks and operates. The practitioners reflect on their move towards a Reggio approach and how this fits in with the requirements of the new EYFS.Professor Chris Pascal from the Centre for Research in Early Childhood helps us to unpack the EYFS document and relate it to some of the children's projects. The children have been inspired by the visit of a ballerina and there has been a wealth of dance centred play. The children plan their own activities and have decided to make ballerina cakes. We look at how the physical, but more importantly emotional, environment can support this type of learning activity. We also reflect on observation and assessment and see how both the children and practitioners make records of learning across projects.
=530  \\$aPreviously released as DVD.
=533  \\$aElectronic reproduction.$bAlexandria, VA :$cAlexander Street Press,$d2012.$f(Education in video).$nAvailable via World Wide Web.
=546  \\$aThis edition in English.
=650  \0$aEarly childhood education$zGreat Britain.
=650  \0$aEarly childhood education$xActivity programs.
=650  \0$aEarly childhood education$xCurricula$zGreat Britain.
=650  \0$aReggio Emilia approach (Early childhood education)
=650  \0$aSchool environment.
=650  \0$aClassroom environment.
=655  \7$aNonfiction television programs.$2lcgft
=655  \7$aInstructional television programs.$2lcgft
=655  \7$aInternet videos.$2lcgft$5FMFIU
=710  2\$aTelevision Junction.$4pro
=776  1\$cOriginal publisher catalog number$oC/2780/002
=856  40$yUCF: Click here for ONLINE ACCESS$uhttps://login.ezproxy.net.ucf.edu/login?url=http://www.aspresolver.com/aspresolver.asp?EDIV;1737402$zEducation in Video$5FOFT
=856  40$yUCF: Click here for ONLINE ACCESS$uhttp://library.ucf.edu/Web/purl.asp?pid=1373$zEducation in Video Home Page$5FOFT
=856  40$uhttp://www.aspresolver.com/aspresolver.asp?EDIV;1737402$yUF: Off-campus access limited to current UF students & employees$5FU
=856  40$uhttp://ezproxy.fiu.edu/login?url=http://www.aspresolver.com/aspresolver.asp?EDIV;1737402$yFIU users: view content here$5FMFIU
=856  40$uhttp://ezproxy.fau.edu/login?url=http://www.aspresolver.com/aspresolver.asp?EDIV;1737402$5FBoU
=856  40$uhttp://ezproxy.fgcu.edu/login?url=http://www.aspresolver.com/aspresolver.asp?EDIV;1737402$yConnect now$zFGCU: Off-campus access limited to current FGCU students & employees$5FFmFGC
=945  \\$aThe Whole World

