=LDR  02761ngm a22004213a 4500
=001  030854394
=005  20150224141510.0
=006  m||||||||c||||||||
=007  cr||n|\\\||a|a
=007  vz||zazu|
=008  120229s2010\\\\enk003||||||||s|||vleng|d
=035  \\$a(VaAlASP)ASP1738269/ediv
=035  \\$a(OCoLC)808818503
=040  \\$aVaAlASP$cVaAlASP
=245  00$aGlowsticks$h[electronic resource].
=260  \\$a[England] :$bTeachers TV/UK Department of Education,$c2010.
=300  \\$a1 online resource (3 min.).
=490  0\$aEducation in video
=490  0\$aDemonstrating chemistry - spectacular experiments ;$v9
=500  \\$aTitle from resource description page (viewed Mar. 5, 2012).
=520  \\$aProfessor Hal Sosabowski demonstrates how glowsticks work in this visually impressive experiment which can be used to teach about luminescence and rates of reaction. He mixes the chemicals in both standard and ultra-bright glowsticks, showing how the concentration of reactants can affect the speed of the reaction.Professor Hal Sosabowski is a committed chemistry educator, evangelist and communicator. Hal shows us how to safely recreate his inspirational demonstrations, which are both educational and spectacular.
=530  \\$aPreviously released as DVD.
=533  \\$aElectronic reproduction.$bAlexandria, VA :$cAlexander Street Press,$d2012.$f(Education in video).$nAvailable via World Wide Web.
=546  \\$aThis edition in English.
=650  \0$aChemistry$xStudy and teaching.
=650  \0$aScience$xStudy and teaching (Primary)$xActivity programs.
=655  \7$aNonfiction television programs.$2lcgft
=655  \7$aInstructional television programs.$2lcgft
=655  \7$aInternet videos.$2lcgft$5FMFIU
=710  2\$aGlasshead Television and Web.$4pro
=776  1\$cOriginal publisher catalog number$oC/4634/009
=856  40$yUCF: Click here for ONLINE ACCESS$uhttps://login.ezproxy.net.ucf.edu/login?url=http://www.aspresolver.com/aspresolver.asp?EDIV;1738269$zEducation in Video$5FOFT
=856  40$yUCF: Click here for ONLINE ACCESS$uhttp://library.ucf.edu/Web/purl.asp?pid=1373$zEducation in Video Home Page$5FOFT
=856  40$uhttp://www.aspresolver.com/aspresolver.asp?EDIV;1738269$yUF: Off-campus access limited to current UF students & employees$5FU
=856  40$uhttp://ezproxy.fiu.edu/login?url=http://www.aspresolver.com/aspresolver.asp?EDIV;1738269$yFIU users: view content here$5FMFIU
=856  40$uhttp://ezproxy.fau.edu/login?url=http://www.aspresolver.com/aspresolver.asp?EDIV;1738269$5FBoU
=856  40$uhttp://ezproxy.fgcu.edu/login?url=http://www.aspresolver.com/aspresolver.asp?EDIV;1738269$yConnect now$zFGCU: Off-campus access limited to current FGCU students & employees$5FFmFGC
=945  \\$aThe Whole World

