=LDR  02408nas a2200409 a 4500
=001  030880987
=005  20150415000208.0
=006  m\\\\\\\\d\\\\\\\\
=007  cr\\n\\\\\\\\\
=008  020208u199uuuuuck\ar\\\s\\\\\1\\\\0spa\\
=010  \\$a2002206333
=035  \\$a(WaSeSS)ssj0067174
=040  \\$aDLC$beng$cDLC$dOCoLC$dInU$dOCoLC$dWaSeSS
=042  \\$apcc
=043  \\$acc-----$as-ck---
=050  00$aF2155.3$b.S46a
=111  2\$aSeminario Internacional de Estudios del Caribe.
=240  10$aMemorias (Online)
=245  10$aMemorias$h[electronic resource] /$cSeminario Internacional de Estudios del Caribe.
=246  18$aSeminario Internacional de Estudios del Caribe
=260  \\$aBarranquilla, Colombia :$bFondo de Publicaciones de la Universidad del Atlántico :$bUA Ediciones
=310  \\$aAnnual
=490  1\$aColección de ciencias económicas y sociales Pedro María Revollo
=490  1\$aColecciòn de ciencias sociales y económicas Rodrigo Noguera Barreneche
=506  \\$aAvailable only to authorized users.
=588  \\$aDescription based on: 4., published in 1999.
=651  \0$aCaribbean Area$vCongresses.
=651  \0$aAtlantic Coast (Colombia)$vCongresses.
=655  \0$aElectronic journals.
=830  \0$aColección de ciencias económicas y sociales Pedro María Revollo.
=830  \0$aColección de ciencias sociales Rodrigo Noguera Barreneche.
=850  \\$aDLC
=856  40$zFull text available from ProQuest SciTech Collection: 01/01/2004 to present$uhttps://login.proxy.lib.fsu.edu/login?url=http://search.proquest.com/publication/2027441$yFSU: Off-campus access limited to current FSU students & employees$5FTaSU
=856  40$uhttp://ZE7CM3RW7T.search.serialssolutions.com/?V=1.0&L=ZE7CM3RW7T&S=JCs&C=MSIDE&T=marc$yConnect now$zFGCU: Off-campus access limited to current FGCU students and employees$5FFmFGC
=856  40$zClick here for full text$uhttp://AM8KU8YD5T.search.serialssolutions.com/?V=1.0&L=AM8KU8YD5T&S=JCs&C=MSIDE&T=marc$yFAMU: Off-campus access limited to current FAMU students & employees$5FTaFA
=856  40$yClick here for full text options$uhttp://UH7QF6FD4H.search.serialssolutions.com/?V=1.0&L=UH7QF6FD4H&S=JCs&C=MSIDE&T=marc&tab=JOURNALS$zUF: Off-campus access limited to current UF students & employees$5FU
=856  40$uhttp://DF9UH2WC8B.search.serialssolutions.com/?V=1.0&L=DF9UH2WC8B&S=JCs&C=MSIDE&T=marc$yFIU users: view content here$5FMFIU

