=LDR  02341cam a2200337 a 4500
=001  030968515
=005  20130306155653.0
=008  110825s2012\\\\nyua\\\\\b\\\\001\0\eng\\
=010  \\$a2011033359
=016  7\$a015979244$2Uk
=020  \\$a9781621003649 (hardcover)
=020  \\$a1621003647 (hardcover)
=035  \\$a(OCoLC)748576714
=040  \\$aDLC$beng$cDLC$dBTCTA$dUKMGB$dOCLCO$dCDX$dYDXCP$dBWX$dFCM
=042  \\$apcc
=050  00$aBF371$b.P89 2012
=082  00$a153.1/23$223
=245  00$aPsychology of priming /$cNobuaki Hsu and Zacharias Schütt, editors.
=260  \\$aHauppauge, N.Y. :$bNova Science Publishers,$c2012.
=300  \\$axi, 272 p. :$bill. ;$c26 cm.
=490  1\$aPerspectives on cognitive psychology
=490  1\$aPsychology research progress
=505  0\$aEmpirical investigations on priming of word-stem completion / Janet M. Gibson -- Neural correlates of repetition priming : an examination of the convergence of FMRI and ERP effects / Rebecca G. Deason, Chad J. Marsolek -- Lexical and syntactic priming in language comprehension / Matthew J. Traxler, Kristen M. Tooley -- Exploring the contradictory results on the cross-modal priming effect in normal aging : a critical review of the literature / Guillaume Vallet, Martine Simard, Rémy Versace -- The facilitation of content-specific prior memory procedures : a procedural memory hypothesis of long-term semantic priming / Christopher A. Was -- Nonword stimuli and the effect of adult aging on episodic priming / Gary D. Laver -- Rime priming effect in auditory word recognition : does orthographic overlap increase the facilitation? / Sophie Dufour, Ronald Peereman -- Priming in visual search / Gianluca Campana -- The role of priming in lexical access and speech production / Lise Abrams -- Priming effects of media messages / James A. Danowski -- Psycho-thermodynamics of priming : response latencies and priming-induced forgetting / Till D. Frank -- Factor analysis of eight implicit memory measures / John O. Brooks, Janet M. Gibson.
=504  \\$aIncludes bibliographical references and index.
=650  \0$aPriming (Psychology)
=650  \0$aMemory$xResearch.
=650  \0$aLearning.
=700  1\$aHsu, Nobuaki.
=700  1\$aSchütt, Zacharias.
=830  \0$aPerspectives on cognitive psychology.
=830  \0$aPsychology research progress series.

