=LDR  01246cam a2200289Ia 4500
=001  030987712
=005  20140905084156.0
=008  801010s1966\\\\dcu\\\\\\bc\\f000\0\eng\d
=035  \\$a(OCoLC)06809737
=040  \\$aWAU$cWAU$dOCLCQ$dWAU$dFUG
=049  \\$aFUGG
=086  0\$aFS 2.302:A-1/2
=096  \\$aW1 HE416U no.1
=110  1\$aUnited States.$bPublic Health Service.$bDivision of Health Mobilization.
=245  10$aEmergency health preparedness publications catalog.
=250  \\$a1966 ed., rev. Jan. 1966.
=260  \\$a[Washington, D.C.] :$bU.S. Dept. of Health, Education, and Welfare, Public Health Service, Division of Health Mobilization :$bFor sale by the Supt. of Docs., U.S. G.P.O.,$c1966.
=300  \\$av, 39 p. ;$c23 cm.
=490  1\$aHealth mobilization series ;$vA-1
=490  1\$aPublic Health Service publication ;$vno. 1071-A-1
=590  \\$aFSU: ASERL Collection.$5FTaSU
=650  \0$aEmergency medical services$vBibliography$vCatalogs.
=650  \0$aDisaster relief$vBibliography$vCatalogs.
=650  \2$aCivil Defense$vBibliography.
=650  \2$aEmergencies$vBibliography.
=830  \0$aHealth mobilization series.$nA,$pEmergency health service planning ;$v1.
=830  \0$aPublic Health Service publication ;$vno. 1071-A-1.

