=LDR  01448nam a2200385 a 4500
=001  031008394
=005  20130218163842.0
=006  m\\\\\\\\d\\\\\\\\
=007  cr\zn|
=008  121123s2012\\\\inua\\\\o\\\\\000\0\eng\d
=020  \\$z9781118255940 (pbk.)
=020  \\$a9781118333334 (ebk.)
=020  \\$a9781118330500 (ebk.)
=020  \\$a9781118331163 (ebk.)
=035  \\$a(CtWfDGI)bks00049551
=040  \\$aCtWfDGI$beng$cCtWfDGI
=050  14$aNA2728$b.W482 2012eb
=082  04$a720.28/40285536$222
=100  1\$aWing, Eric,$d1970-
=245  10$aAutodesk Revit architecture 2013$h[electronic resource] :$bno experience required /$cEric Wing.
=260  \\$aIndianapolis, Ind. :$bJohn Wiley & Sons,$cc2012$e(Norwood, Mass. :$fBooks24x7.com [generator])
=490  1\$aNo experience required
=490  1\$aAutodesk official training guide
=490  1\$aSybex serious skills
=500  \\$aTitle from title screen.
=550  \\$aDigitized and made available by: Books24x7.com.
=530  \\$aAvailable also in a print ed.
=650  \0$aArchitectural drawing$xComputer-aided design.
=650  \0$aArchitectural design$xData processing.
=655  \0$aElectronic books.
=710  2\$aBooks24x7, Inc.
=830  \0$aNo experience required.
=830  \0$aAutodesk official training guide.
=830  \0$aSerious skills.
=856  40$uhttp://www.books24x7.com/marc.asp?bookid=49551$yUF: Off-campus access limited to current UF students & employees$5FU

