=LDR  01505nam a2200349 a 4500
=001  031031314
=005  20130423163732.0
=006  m\\\\\\\\d\f\\\\\\
=007  cr\bn|||||||||
=008  120620s2009\\\\mdua\\\\ob\\\f000\0\eng\c
=035  \\$a(OCoLC)795910259
=040  \\$aGPO$cGPO$dMvI
=042  \\$apcc
=049  \\$aFGAF
=074  \\$a0491-B-31 (online)
=086  0\$aHE 20.6524:186
=245  00$aFamily history and improving health$h[electronic resource] /$cprepared for Agency for Healthcare Research and Quality, U.S. Department of Health and Human Services ; prepared by McMaster University Evidence-based Practice Center ; authors, Nadeem Qureshi ... [et al.].
=260  \\$aRockville, MD :$bAgency for Healthcare Research and Quality, Dept. of Health and Human Services,$c[2009]
=300  \\$a1 online resource ([326] p.) :$bill.
=490  1\$aEvidence report/technology assessment ;$vno. 186
=490  1\$aAHRQ publication ;$vno. 09-E016
=504  \\$aIncludes bibliographical references.
=536  \\$bHHSA 290-2007-10060-I
=650  \0$aMedical history taking$vMethods.
=650  \0$aFamilies$xHealth and hygiene.
=650  \0$aGenetic counseling$vMethods.
=700  1\$aQureshi, Nadeem.
=710  1\$aUnited States.$bAgency for Healthcare Research and Quality.
=710  2\$aMcMaster University.$bEvidence-based Practice Center.
=830  \0$aEvidence report/technology assessment ;$vno. 186.
=830  \0$aAHRQ publication ;$vno. 09-E016.
=856  40$uhttp://purl.fdlp.gov/GPO/gpo24194

