=LDR  01894nam a2200373 a 4500
=001  031058580
=005  20130322124101.0
=006  m\\\\\\\\u\\\\\\\\
=007  cr\cn|||||||||
=008  100518s2011\\\\stka\\\\sb\\\\001\0\eng\d
=010  \\$z2010020990
=020  \\$z9780702032295
=020  \\$z9780702049019 (e-book)
=035  \\$a(CaPaEBR)ebr10554318
=035  \\$a(OCoLC)794491072
=040  \\$aCaPaEBR$cCaPaEBR
=050  14$aRM721$b.E95 2011eb
=082  04$a615.8/22$222
=245  00$aEvidence-based therapeutic massage$h[electronic resource] :$ba practical guide for therapists /$cedited by Elizabeth Holey, Eileen Cook.
=250  \\$a3rd ed.
=260  \\$aEdinburgh ;$aNew York :$bChurchill Livingstone :$bElsevier,$c2011.
=300  \\$aix, 283 p. :$bill.
=490  1\$aPhysiotherapy essentials
=490  0\$aEvolve learning resources for students and lecturers
=504  \\$aIncludes bibliographical references and index.
=505  0\$aMassage in context -- A biological basis -- Therapeutic and reflex effects -- Pathological principles -- Palpation -- Assessment and treatment planning -- Massage techniques -- Regional application of classical massage techniques -- Reflex therapies -- Relaxation massage -- Massage for people with long-term and terminal illness -- Neuromusculoskeletal disorders -- Massage in sport -- Client groups.
=533  \\$aElectronic reproduction.$bPalo Alto, Calif. :$cebrary,$d2013.$nAvailable via World Wide Web.$nAccess may be limited to ebrary affiliated libraries.
=650  \0$aMassage therapy.
=650  \0$aEvidence-based medicine.
=700  1\$aHoley, Elizabeth A.
=700  1\$aCook, Eileen M.
=710  2\$aebrary, Inc.
=830  \0$aPhysiotherapy essentials.
=856  40$uhttp://famuproxy.fcla.edu/login?url=http://site.ebrary.com/lib/famu/Doc?id=10554318$zAn electronic book accessible through the World Wide Web; click to view$5FTaFA

