=LDR  02478nam a2200433 a 4500
=001  031061984
=005  20130327194552.0
=006  m\\\\f\\\d\f\\\\\\
=007  cr\|n|||||||||
=008  120826s1938\\\\dcu\\\\\ol\\\f000\0\eng\d
=035  \\$accn00361667
=043  \\$an-us---
=049  \\$aFSU-L
=049  \\$aFAMU-L
=049  \\$aFIU-L
=049  \\$aUF-L
=050  \4$aKF1636$b1938
=110  1\$aUnited States.
=245  14$aThe federal antitrust laws$h[electronic resource] :$bwith summary of cases instituted by the United States and lists of cases decided thereunder.
=260  3\$aWashington :$bU.S. G.P.O. :$bFor sale by the Supt. of Docs.,$c1938.
=264  \1$a[Buffalo, NY] :$bWilliam S. Hein & Co.,$c[2012]
=300  \\$a1 online resource (iii, 355, 8 p.).
=490  1\$aHeinOnline legal classics library
=490  1\$aHeinOnline U.S. federal agency documents, decisions, and appeals
=588  \\$aDescription based on print version record.
=500  \\$a"January 1938."
=500  \\$aSeal of Department of Justice on t.p.
=650  10$aAntitrust law$zUnited States.
=655  \7$aElectronic books.$2lcgft
=710  1\$aUnited States.$bDepartment of Justice
=776  08$cOriginal$w(DLC) 38026091
=830  \0$aLegal classics library.
=830  \0$aU.S. federal agency documents, decisions, and appeals.
=856  40$uhttps://login.proxy.lib.fsu.edu/login?url=http://www.heinonline.org/HOL/Page?handle=hein.beal/fantsuca0001&id=1&collection=beal&index=alpha/F_beal$3HeinOnline Legal Classics Library$yFSU: Off-campus access limited to current FSU students & employees.$5FTaSU
=856  40$uhttp://www.heinonline.org/HOL/Page?handle=hein.beal/fantsuca0001&id=1&collection=beal&index=alpha/F_beal$3HeinOnline Legal Classics Library$yUF: Off-campus access limited to current UF students & employees$5FU
=856  40$uhttp://ezproxy.amu.edu/login?url=http://www.heinonline.org/HOL/Page?handle=hein.beal/fantsuca0001&id=1&collection=beal&index=alpha/F_beal$3HeinOnline Legal Classics Library$yFAMU: Off-campus access limited to current FAMU students & employees.$5FTaFA
=856  40$uhttp://ezproxy.fiu.edu/login?url=http://www.heinonline.org/HOL/Page?handle=hein.beal/fantsuca0001&id=1&collection=beal&index=alpha/F_beal$3HeinOnline Legal Classics Library$yFIU users: view content here.$5FMFIU
=949  \\$aKF 1636 1938$wLC$c1$i361667-2001$d9/11/2012$lMAIN$mHEN$q2$rY$sY$tWEB$u9/1/2012$xENG$zN-US
=997  \\$a(c)2012 Cassidy Cataloguing Services, Inc.

