=LDR  03376cam a2200529Ia 4500
=001  031065255
=005  20150204123312.0
=006  m\\\\\o\\d\\\\\\\\
=007  cr\bn||||||abp
=007  cr\bn||||||ada
=008  101117s1908\\\\ilubcfh\ob\\\\001\0deng\d
=019  \\$a665227201
=035  \\$a(OCoLC)681901362
=037  \\$a61-159$bLLMC
=040  \\$aOCLCE$beng$cOCLCE$dOCLCQ$dLLMC2
=042  \\$adlr
=049  \\$aELEC
=050  \4$aF536$b.I25 vol. 3
=050  \4$aE457.4$b.L777 1908
=082  04$a973.6/8
=082  04$a923.173
=100  1\$aLincoln, Abraham,$d1809-1865.
=245  14$aThe Lincoln-Douglas debates of 1858$h[electronic resource] /$cedited, with introduction and notes, by Edwin Erle Sparks.
=260  \\$aSpringfield, Ill. :$bTrustees of the Illinois State Historical Library,$c1908.
=300  \\$a1 online resource (xi, 627 p., [25] leaves of plates) :$bfacsims., map, ports.
=490  1\$aCollections of the Illinois State Historical Library ;$vv. 3.
=490  1\$aLincoln series ;$vv. 1
=490  0\$aLaw Library Microform Consortium - Digital$5FTaFA
=500  \\$aText of the speeches from "Political debates between Lincoln and Douglas," Columbus, O., 1860, with connecting narrative by the editor, and much illustrative material from contemporary newspapers, etc.
=504  \\$aIncludes bibliographical references (p. 597-604) and index.
=506  \\$3Use copy$fRestrictions unspecified$2star$5MiAaHDL
=533  \\$aElectronic reproduction.$b[S.l.] :$cHathiTrust Digital Library,$d2010.$5MiAaHDL
=538  \\$aMaster and use copy. Digital master created according to Benchmark for Faithful Digital Reproductions of Monographs and Serials, Version 1. Digital Library Federation, December 2002.$uhttp://purl.oclc.org/DLF/benchrepro0212$5MiAaHDL
=583  1\$adigitized$c2010$hHathiTrust Digital Library$lcommitted to preserve$2pda$5MiAaHDL
=588  \\$aDescription based on print version record.
=650  \0$aLincoln-Douglas Debates, Ill., 1858.
=600  10$aLincoln, Abraham,$d1809-1865$xPolitical career before 1861.
=700  1\$aDouglas, Stephen A.$q(Stephen Arnold),$d1813-1861.
=700  1\$aSparks, Edwin Erle,$d1860-1924.
=776  08$iPrint version:$aLincoln, Abraham, 1809-1865.$tLincoln-Douglas debates of 1858.$dSpringfield, Ill. : Trustees of the Illinois State Historical Library, 1908$w(DLC) 08028845$w(OCoLC)22125211
=830  \0$aCollections of the Illinois State Historical Library ;$vv. 3.
=830  \0$aCollections of the Illinois State Historical Library.$pLincoln series ;$vv. 1.
=856  40$3HathiTrust Digital Library$uhttp://catalog.hathitrust.org/api/volumes/oclc/22125211.html$zAccess limited to FAMU College of Law faculty, staff and students.$5FTaFA$5FTaFA
=856  40$uhttp://famuproxy.fcla.edu/login?url=http://www.llmcdigital.org/default.aspx?redir=61159$zAccess limited to FAMU College of Law faculty, staff and students.$5FTaFA$5FTaFA
=856  40$uhttp://www.llmcdigital.org/default.aspx?redir=61159$yUF: Off-campus access limited to current UF students & employees$5FU
=856  40$uhttps://proxy.lib.fsu.edu/login?url=http://www.llmcdigital.org/default.aspx?redir=61159$yFSU: Off-campus access limited to current FSU students & employees$5FTaSU
=856  40$uhttp://ezproxy.fiu.edu/login?url=http://www.llmcdigital.org/default.aspx?redir=61159$yFIU users: view content here$5FMFIU

