=LDR  02369cam a2200481Ma 4500
=001  031318602
=005  20150430134411.0
=006  m\\\\\o\\d\\\\\\\\
=007  cr\cnu\\\unuuu
=008  080821s2008\\\\xxc\\\\\o\\\\\000\0\lat\d
=019  \\$a251439979$a719365453
=020  \\$a9781554299447
=020  \\$a1554299446
=020  \\$a9781435664739 (electronic bk.)
=020  \\$a1435664736 (electronic bk.)
=035  \\$a(OCoLC)650211787
=040  \\$aCNCGM$beng$cCNCGM$dOCLCQ$dN{dollar}T$dVLB$dOCLCA$dOCLCQ
=041  0\$alat$beng
=043  \\$ae-uk-en
=049  \\$aFWAA
=050  \4$aDA25$b.B5eb no. 13
=072  \7$aHIS$x015000$2bisacsh
=082  04$a941$222
=100  0\$aJoannes,$cde Oxenedes.
=245  10$aChronica Johannis de Oxenedes$h[electronic resource] /$cedited by Sir Henry Ellis.
=250  \\$aSearchable text ed.
=260  \\$aBurlington :$bTannerRitchie Pub. in collaboration with the Library and Information Services of the University of St Andrews,$c2008.
=300  \\$a1 online resource (xxxviii, 439 p.)
=490  1\$aRerum Britannicarum Medii Aevi scriptores ;$v[13]
=490  1\$aChronicles and memorials of Great Britain and Ireland during the Middle Ages ;$v[13]
=490  1\$aMedieval and early modern sources online
=500  \\$aElectronic version in PDF format of the work published: London : Longman, Brown, Green, Longmans, & Roberts, 1859.
=651  \0$aGreat Britain$xHistory$yTo 1485.
=610  20$aSt. Benet of Holme (Benedictine abbey)
=650  \7$aHISTORY.$2bisacsh
=655  \4$aElectronic books.
=700  1\$aEllis, Henry,$d1777-1869.
=776  08$iPrint version:$a(Author)$tChronica Johannis de Oxenedes.$dLondon : Longman, Brown, Green, Longmans & Roberts, 1859$w(OCoLC)9108945
=830  \0$aRerum Britannicarum Medii Aevi scriptores ;$v13.
=830  \0$aChronicles and memorials of Great Britain and Ireland during the Middle Ages ;$v13.
=830  \0$aMedieval and early modern sources online.
=856  40$uhttp://flpoly-proxy.flvc.org/login?url=http://search.ebscohost.com/login.aspx?direct=true&scope=site&db=nlebk&db=nlabk&AN=235463$yFLORIDA POLYTECHNIC UNIVERSITY ONLINE ACCESS$5FlLlFPU
=856  40$uhttp://ezproxy.lib.uwf.edu/login?url=http://search.ebscohost.com/login.aspx?direct=true&scope=site&db=nlebk&db=nlabk&AN=235463$yOff-campus access limited to UWF students and employees$zRead Online$5FPeU

