=LDR  01513cam a2200313Ia 4500
=001  031325380
=005  20140618144459.0
=006  m\\\\\\\\d\\\\\\\\
=007  cr\|n||||||||n
=008  870824s1899\\\\fr\\\\\\ob\\\\000\0\fre\d
=035  \\$a(UtOrBLW)GALEMOML6001424
=035  \\$a(OCoLC)820928627
=040  \\$aMIGCL$cMIGCL
=043  \\$ae-fr---
=100  1\$aNys, Ernest,$d1851-1920.
=245  14$aLes théories politiques et le droit international en France jusqu'au XVIIIe siècle$h[electronic resource] /$cpar Ernest Nys.
=250  \\$a2ème éd.
=260  \\$aParis :$bAncienne Librairie Thorin et fils, A. Fontemoing,$c1899.
=300  \\$a1 online resource ([2], 204 p.).
=490  0\$aRecherches sur l'histoire du droit
=490  1\$aThe making of modern law: Foreign, comparative and international law, 1600-1926
=500  \\$aImprint under label reads: Bruxelles : A. Castaigne, 1899.
=500  \\$aReproduction of the original from the Yale Law Library.
=504  \\$aIncludes bibliographical references.
=650  \0$aInternational law$xHistory.
=650  \0$aPolitical science$xHistory.
=651  \0$aFrance$xPolitics and government.
=830  \0$aMaking of modern law: Foreign, comparative and international law, 1600-1926.
=856  40$3Gale Cengage Learning, The Making of the Modern Law: Foreign, Comparative and International Law, 1600-1626, Edition 1$uhttps://login.proxy.lib.fsu.edu/login?url=http://galenet.galegroup.com/servlet/MMLF?af=RN&ae=HT100816877&srchtp=a&ste=14&q=tall85761_law$5FTaSU

