=LDR  02804cam a2200601Ka 4500
=001  031330793
=005  20140215154941.0
=006  m\\\\\o\\d\\\\\\\\
=007  cr\cnu\\\unuuu
=008  130402s2013\\\\gw\\\\\\ob\\\\101\0\eng\d
=020  \\$a9783642370670 (electronic bk.)
=020  \\$a3642370675 (electronic bk.)
=020  \\$z9783642370663
=035  \\$a(OCoLC)834574073
=040  \\$aGW5XE$cGW5XE$dYDXCP
=049  \\$aFHMM
=050  \4$aTA1637$b.D43 2013
=082  04$a006.6$223
=096  \\$aTA 1637
=111  2\$aDGCI 2013$d(2013 :$cSeville, Spain)
=245  10$aDiscrete geometry for computer imagery$h[electronic resource] :$b17th IAPR International Conference, DGCI 2013, Seville, Spain, March 20-22, 2013. Proceedings /$cRocio Gonzalez-Diaz, Maria-Jose Jimenez, Belen Medrano (eds.).
=246  30$aDGCI 2013
=260  \\$aBerlin ;$aNew York :$bSpringer,$cc2013.
=300  \\$a1 online resource.
=490  1\$aLecture notes in computer science,$x0302-9743 ;$v7749
=490  1\$aLNCS sublibrary. SL 6, Image processing, computer vision, pattern recognition, and graphics
=500  \\$aInternational conference proceedings.
=504  \\$aIncldues bibliographical references and author index.
=653  \4$aComputer science.
=653  \4$aComputer software.
=653  \4$aComputer vision.
=653  \4$aComputer graphics.
=653  \4$aOptical pattern recognition.
=653  \4$aImage Processing and Computer Vision.
=653  \4$aPattern Recognition.
=653  \4$aDiscrete Mathematics in Computer Science.
=653  \4$aAlgorithm Analysis and Problem Complexity.
=655  \4$aElectronic books.
=650  \2$aImage Processing, Computer-Assisted$vCongresses.
=650  \2$aComputer Graphics$vCongresses.
=650  \2$aMathematics$vCongresses.
=650  \0$aImage processing$xDigital techniques$vCongresses.
=650  \0$aComputer graphics$xMathematics$vCongresses.
=650  \0$aDiscrete geometry$vCongresses.
=700  1\$aGonzalez-Diaz, Rocio.
=700  1\$aJimenez, Maria-Jose.
=700  1\$aMedrano, Belen.
=830  \0$aLecture notes in computer science ;$v7749.
=830  \0$aLNCS sublibrary.$nSL 6,$pImage processing, computer vision, pattern recognition, and graphics.
=856  40$3SpringerLink$uhttp://ezproxy.lib.usf.edu/login?url=http://dx.doi.org/10.1007/978-3-642-37067-0$yUSF ONLINE ACCESS$5FTS
=856  40$yUCF: Click here for ONLINE ACCESS$uhttps://login.ezproxy.net.ucf.edu/login?url=http://dx.doi.org/10.1007/978-3-642-37067-0$zSpringerLink$5FOFT
=856  40$3SpringerLink$uhttp://ezproxy.fiu.edu/login?url=http://dx.doi.org/10.1007/978-3-642-37067-0$yFIU users: view content here$5FMFIU
=856  40$3SpringerLink$uhttp://dx.doi.org/10.1007/978-3-642-37067-0$yUF: Off-campus access limited to current UF students & employees$5FU

