=LDR  03743nas a2200709 a 4500
=001  031351680
=005  20140326183436.0
=006  m\\\\\o\\d\f\\\\\\
=007  cr\un|
=008  051010c19639999mdu\x\msos\\\f0\\\a0eng\c
=010  \\$a2013250696
=022  0\$y2332-8401
=022  \\$y2332-8401$l0083-2014$y0083-2014$21
=035  \\$a(SFX)954927600601
=037  \\$bNational Center for Health Statistics, Division of Data Services, 3311 Toledo Rd., Hyattsville, MD 20782-2003
=042  \\$apcc$ansdp
=043  \\$an-us---
=050  10$aISSN RECORD
=050  14$aRA409$b.U44
=060  \4$aW2 A$bN148va
=082  10$a614.4$223
=086  0\$aHE 20.6209:1
=090  \\$a954927600601
=130  0\$aVital and health statistics.$nSeries 1,$pPrograms and collection procedures (Online)
=210  \\$aUS NATIONAL CENTER FOR HEALTH STATISTICS VITAL AND HEALTH STATISTICS SERIES 1 PR
=210  \\$aVITAL HEALTH STAT 1
=210  \\$aVITAL & HEALTH STATISTICS. SERIES 1, PROGRAMS AND COLLECTION PROCEDURES
=210  \\$aVITAL AND HEALTH STATISTICS. SER. 1
=210  \\$aVITAL AND HEALTH STATISTICS. SER. 1, PROGRAMS AND COLLECTION PROCEDURES [VITAL HEALTH STAT 1] NLMUID
=210  0\$aVital health stat. Ser. 1, Programs and collection procedures$b(Online)
=222  \0$aVital and health statistics. Series 1, Programs and collection procedures$b(Online)
=245  10$aVital and health statistics.$nSeries 1,$pPrograms and collection procedures$h[electronic resource] /$cNational Center for Health Statistics.
=246  30$aPrograms and collection procedures
=260  \\$aWashington, D.C. :$bU.S. Dept. of Health, Education and Welfare, Public Health Service :$bFor sale by the Supt. of Docs., U.S. G.P.O.],$c1963-
=264  31$3<1978- >:$aHyattsville, Maryland :$bU.S. Department of Health and Human Services, Centers for Disease Control and Prevention, National Center for Health Statistics
=310  \\$aIrregular
=336  \\$atext$btxt$2rdacontent
=337  \\$acomputer$bc$2rdamedia
=338  \\$aonline resource$bcr$2rdacarrier
=362  1\$aPrint began with no. 1.
=490  1\$a1963- : Public Health Service publication no. 1000, ser. 1-
=490  1\$a<Feb. 1973->: DHEW publication ;$vno. (HSM)
=599  99$a(OCoLC)61887875
=538  \\$aMode of access: World Wide Web.
=580  \\$aSupersedes: United States. National Health Survey. Health Statistics. Series A.
=588  \\$aDescription based on print version record.
=588  \\$aLatest issue consulted: No. 56 (Aug. 2013) (CDC website, viewed Dec. 23, 2013).
=650  \0$aHealth surveys$zUnited States.
=650  \0$aPublic health$zUnited States$vStatistics.
=650  \2$aHealth Surveys$zUnited States$vPeriodicals.
=650  \2$aHealth Surveys$zUnited States$vStatistics.
=650  \2$aPublic Health$xstatistics and numerical data$zUnited States$vPeriodicals.
=650  \2$aVital Statistics$zUnited States$vPeriodicals.
=655  \7$aElectronic Journals$2lcsh
=710  1\$aUnited States.$bPublic Health Service
=710  2\$aNational Center for Health Statistics (U.S.)
=776  08$iPrint version:$tVital and health statistics. Series 1: Programs and collection procedures$x0083-2014$w(DLC) 66002317$w(OCoLC)1590095
=780  00$tNational Health Survey. Health statistics. Series A.
=852  \\$aFTS
=856  40$uhttp://resolver.flvc.org/usf?url%5Fver=Z39.88-2004&ctx%5Fver=Z39.88-2004&ctx%5Fenc=info:ofi/enc:UTF-8&rfr%5Fid=info:sid/sfxit.com:opac%5F856&url%5Fctx%5Ffmt=info:ofi/fmt:kev:mtx:ctx&sfx.ignore%5Fdate%5Fthreshold=1&rft.object%5Fid=954927600601&svc%5Fval%5Ffmt=info:ofi/fmt:kev:mtx:sch%5Fsvc&$yUSF ONLINE ACCESS$5FTS
=830  \0$aPublic Health Service publication.
=830  \0$aDHEW publication$vno. (HSM)

