=LDR  01054cam a2200289I  4500
=001  031446332
=005  20140403123101.0
=008  821026s1950\\\\inu\\\\\\b\\\s000\0\eng\d
=035  \\$a(OCoLC)08894679
=040  \\$aOSU$beng$cOSU$dOCLCQ$dNUI$dOCLCF$dFUG
=049  \\$aFUGG
=090  \\$aLB2305.P8$bno.72
=090  \\$aLB1117$b.S56
=100  1\$aShimberg, Benjamin.
=245  14$aThe development of a needs and problems inventory for high-school youth.
=260  \\$a[Lafayette, Ind.]$bPurdue University, the Division of Educational Reference$c[1950]
=300  \\$a78 p.$c23 cm.
=490  1\$aStudies in higher education ;$v72
=490  1\$aFurther studies in attitudes,$vseries 17.
=504  \\$aBibliography: p. 73-75.
=599  \\$a031446332
=650  \0$aAttitude (Psychology)
=650  \0$aPersonality tests.
=650  \7$aAttitude (Psychology)$2fast$0(OCoLC)fst00820865
=650  \7$aPersonality tests.$2fast$0(OCoLC)fst01058762
=830  \0$aFurther studies in attitudes ;$vser. 17.
=830  \0$aStudies in higher education (Purdue University) ;$v72.

