=LDR  02414cam a2200457Ia 4500
=001  031596380
=005  20150429204641.0
=006  m\\\\\o\\d\\\\\\\\
=007  cr\cnu\\\unuuu
=008  110331s2011\\\\ne\a\\\\ob\\\\001\0\eng\d
=020  \\$a9789042031579 (electronic bk.)
=020  \\$a9042031573 (electronic bk.)
=020  \\$z9789042031562
=020  \\$z9042031565
=035  \\$a(OCoLC)710060177
=040  \\$aN{dollar}T$beng$cN{dollar}T$dE7B$dYDXCP$dCOF$dOCLCQ
=043  \\$ae-it---
=049  \\$aFWAA
=050  \4$aHD9671.I73$bF657 2011eb
=072  \7$aMED$x039000$2bisacsh
=082  04$a610.945$222
=100  1\$aShaw, James E.$q(James Edric),$d1972-
=245  10$aMaking and marketing medicine in Renaissance Florence$h[electronic resource] /$cJames Shaw and Evelyn Welch.
=260  \\$aAmsterdam ;$aNew York :$bRodopi,$c2011.
=300  \\$a1 online resource (356 p.) :$bill.
=490  1\$aWellcome series in the history of medicine
=490  1\$aClio medica,$x0045-7183 ;$v89
=504  \\$aIncludes bibliographical references (p. 313-340) and index.
=505  0\$aPart one: selling health. The shop and the city ; Keeping shop -- Part two: customers and credit. People and their purchases ; Recovering debts -- Part three: products. Wax ; Sugar and spices ; Medicines.
=520  \\$aA study of the Speziale al Giglio apothecary shop in fifteenth-century Florence, Italy.
=588  \\$aDescription based on print version record.
=650  \0$aDrugstores$zItaly$zFlorence$xHistory$y15th century.
=650  \0$aPublic health$zItaly$zFlorence$xHistory$y15th century.
=650  \7$aMEDICAL$xHistory.$2bisacsh
=655  \4$aElectronic books.
=700  1\$aWelch, Evelyn S.,$d1959-
=776  08$iPrint version:$aShaw, James E. (James Edric), 1972-$tMaking and marketing medicine in Renaissance Florence.$dAmsterdam ; New York : Rodopi, 2011$z9789042031562$w(OCoLC)701811274
=830  \0$aWellcome series in the history of medicine.
=830  \0$aClio medica (Amsterdam, Netherlands) ;$v89.
=856  40$uhttp://flpoly-proxy.flvc.org/login?url=http://search.ebscohost.com/login.aspx?direct=true&scope=site&db=nlebk&db=nlabk&AN=356414$yFLORIDA POLYTECHNIC UNIVERSITY ONLINE ACCESS$5FlLlFPU
=856  40$uhttp://ezproxy.lib.uwf.edu/login?url=http://search.ebscohost.com/login.aspx?direct=true&scope=site&db=nlebk&db=nlabk&AN=356414$yOff-campus access limited to UWF students and employees$zRead Online$5FPeU

