=LDR  02550cam a2200553Ka 4500
=001  031674997
=005  20140215155313.0
=006  m\\\\\o\\d\\\\\\\\
=007  cr\cnu\\\unuuu
=008  130430s2013\\\\gw\\\\\\o\\\\\100\0\eng\d
=020  \\$a9783642380679 (electronic bk.)
=020  \\$a3642380670 (electronic bk.)
=020  \\$z9783642380662
=035  \\$a(OCoLC)841246435
=040  \\$aGW5XE$cGW5XE$dYDXCP
=049  \\$aFHMM
=050  \4$aQA76.9.D343$bM37 2013
=082  04$a006.3/12$223
=096  \\$aQA 76.9.D343
=111  2\$aMCS 2013$d(2013 :$cNanjing Shi, China)
=245  10$aMultiple classifier systems$h[electronic resource] :$b11th International Workshop, MCS 2013, Nanjing, China, May 15-17, 2013. Proceedings /$cZhi-Hua Zhou, Fabio Roli, Josef Kittler (eds.).
=246  3\$aMCS 2013
=260  \\$aBerlin ;$aNew York :$bSpringer,$cc2013.
=300  \\$a1 online resource.
=490  1\$aLecture notes in computer science,$x0302-9743 ;$v7872
=490  1\$aLNCS sublibrary. SL 6, Image proceesing, computer vision, pattern recognition, and graphics
=500  \\$aInternational conference proceedings.
=500  \\$aIncludes author index.
=653  \4$aComputer science.
=653  \4$aData mining.
=653  \4$aInformation storage and retrieval systems.
=653  \4$aComputer vision.
=653  \4$aOptical pattern recognition.
=653  \4$aPattern Recognition.
=653  \4$aInformation Storage and Retrieval.
=655  \4$aElectronic books.
=650  \2$aClassification$vCongresses.
=650  \2$aPattern Recognition, Automated$vCongresses.
=650  \0$aClassification rule mining$vCongresses.
=650  \0$aPattern perception$vCongresses.
=700  1\$aZhou, Zhi-Hua$c(Computer scientist).
=700  1\$aRoli, Fabio,$d1962-
=700  1\$aKittler, Josef,$d1946-
=830  \0$aLecture notes in computer science ;$v7872.
=830  \0$aLNCS sublibrary. SL 6, Image proceesing, computer vision, pattern recognition, and graphics.
=856  40$3SpringerLink$uhttp://ezproxy.lib.usf.edu/login?url=http://dx.doi.org/10.1007/978-3-642-38067-9$yUSF ONLINE ACCESS$5FTS
=856  40$yUCF: Click here for ONLINE ACCESS$uhttps://login.ezproxy.net.ucf.edu/login?url=http://dx.doi.org/10.1007/978-3-642-38067-9$zSpringerLink$5FOFT
=856  40$3SpringerLink$uhttp://ezproxy.fiu.edu/login?url=http://dx.doi.org/10.1007/978-3-642-38067-9$yFIU users: view content here$5FMFIU
=856  40$3SpringerLink$uhttp://dx.doi.org/10.1007/978-3-642-38067-9$yUF: Off-campus access limited to current UF students & employees$5FU

