=LDR  01246cam a22003013a 4500
=001  031756008
=005  20130528190304.0
=006  m||||||||d||||||||
=007  cr||n\\\\||a|a
=008  130417s1925\\\\pau\\\\|ob\\\|||||0|eng\d
=035  \\$a(VaAlASP)ASP1000763937/adli
=035  \\$a(OCoLC)794975614
=040  \\$aDLC$cCLE$dVaAlASP
=050  \4$aRA425$b.B76 1925
=100  1\$aBroadhurst, Jean,$d1873-1954.
=245  10$aHome and community hygiene$h[electronic resource] :$ba text-book of personal and public health /$cby Jean Broadhurst.
=250  \\$a3d ed., rev & enl.
=260  \\$aPhiladelphia ;$aLondon :$bJ.B. Lippincott,$c[c1925]
=300  \\$a1 online resource (xv, 444 p.).
=490  0\$aLippincott's home manuals
=490  0\$aTwentieth century advice literature
=504  \\$aIncludes bibliographical references.
=533  \\$aElectronic reproduction.$bAlexandria, VA :$cAlexander Street Press,$d2008.$f(Twentieth century advice literature).$nAvailable via World Wide Web.
=546  \\$aThis edition in English.
=650  \0$aHealth.
=650  \0$aPublic health.
=776  1\$cOriginal$w(OCoLC)04612882
=856  40$zFull text available:$uhttp://ezproxy.fau.edu/login?url=http://www.aspresolver.com/aspresolver.asp?ADLI;1000763937$5FBoU

