=LDR  02836crm a2200517Ma 4500
=001  031762543
=005  20130530163302.0
=006  m\\\\\\\\c\\\\\\\\
=007  cr\cna||||||||
=007  vz\cza|||
=008  110206p20052004nyu028\\\\\\\\o\\\vleng\d
=028  40$a34512$bFilms Media Group
=028  40$a34491s$bFilms Media Group
=028  40$a34511s$bFilms Media Group
=035  \\$a(OCoLC)741358762
=040  \\$aFBM$cFBM$dACCEM$dOCLCO$dFTU
=041  0\$aeng$jeng
=049  \\$aFTUU
=090  \\$aHF5382.7$b.I584 2005 (online)
=245  00$aIntroduction to career planning and implementation$h[electronic resource] /$cSan Mateo County Community College District.
=260  3\$aNew York, N.Y. :$bFilms Media Group,$c[2005], c2004.
=300  \\$a1 streaming video file (28 min.) :$bsd., col., digital file.
=490  1\$aCareer Advantage: Strategies for Success
=490  1\$aCareer Planning and Implementation: How Do I Get What I Want?
=538  \\$aSystem requirements: Adobe Flash player. Additional technical information:$uhttp://www.fmgondemand.com/PortalTechCenter.aspx
=538  \\$aMode of access: World Wide Web.
=500  \\$aMade available through FMG on Demand.
=500  \\$aFilms on Demand is distributed by Films Media Group for Films for the Humanities & Sciences, Cambridge Educational, Meridian Education, and Shopware.
=500  \\$aEncoded with permission for digital streaming by Films Media Group on Dec. 28, 2005.
=546  \\$aClosed-captioned.
=588  \\$aTitle from distributor's description.
=505  0\$aReview Your Personal Career Profile (1:51) -- Finding the Best Career Fit (4:52) -- Exercise: Motivation Techniques (2:15) -- Steps Toward Work Opportunity (4:58) -- "Hot Tip:" Take a Small First Step (1:25) -- Job Search Myths (7:29) -- Career Decision-Making -- A Fluid Process (1:58)
=520  \\$aPutting ideas into action is the focus of this overview video, which outlines steps expanded upon in subsequent episodes: making a career decision, creating an action plan, and launching the search for work opportunities.
=650  \0$aVocational guidance.
=650  \0$aVocational education.
=650  \0$aOccupations.
=650  \0$aJob hunting.
=655  \7$aEducational films.$2lcgft
=655  \7$aInternet videos.$2lcgft
=710  2\$aFilms for the Humanities & Sciences (Firm)
=710  2\$aFilms Media Group.
=710  2\$aSan Mateo County Community College District.
=776  08$iOriginally produced:$dSan Mateo County Community College District, 2005$z9781421313443
=830  \0$aCareer advantage.$pCareer planning and implementation.
=830  \0$aCareer advantage.$pStrategies for success.
=856  40$yClick here for THIS VIDEO from FMG on Demand$uhttp://ezproxy.net.ucf.edu/login?url=http://digital.films.com/PortalPlaylists.aspx?aid=1123&xtid=34512$5FOFT

