=LDR  03288cam a2200433 a 4500
=001  031767628
=005  20140221092155.0
=006  m\\\\|o\\d\|\\\\\\
=007  cr\|n||||||||n
=008  950321s1866\\\\enk\\\\\ob\\\\000\0\eng\d
=035  \\$a(MiFhGG)NCCO002805
=040  \\$aMIGCL$cUtOrBLW
=041  0\$aeng$alat
=042  \\$alcnccp
=090  \\$aAC1$b.N559
=100  0\$aGrēgorios,$cMetropolitan of Chios,$dactive 19th century.
=240  10$aSelections.$f1866
=245  10$aYearnings after unity in the East$h[electronic resource] :$bfrom the writings of the Most Reverend Gregory of Byzantium, Metropolitan of Chios /$cwith remarks thereon by George Williams.
=260  \\$aLondon :$bRivingtons,$c1866$f(T. Brettell)
=300  \\$a1 online resource ([1], 26 p.).
=490  1\$aOccasional paper of the Eastern Church Association ;$vno. 3
=490  1\$aNineteenth Century Collections Online: British Politics and Society
=590  \\$a(OCoLC)830947367
=500  \\$a"Archbishop Wake's letter to Chrysanthus, Patriarch of Jerusalem" (in Latin): p. 24-26.
=500  \\$a"Pamphlet no. 2411."
=500  \\$a"Halifax no. 7956."
=500  \\$aIncludes appendix.
=500  \\$aReproduction of the original from the Pusey House Library St Giles.
=504  \\$aIncludes bibliographical references.
=650  \0$aChristian union$xHistory$y19th century.
=700  1\$aWake, William,$d1657-1737.
=700  1\$aWilliams, George,$d1814-1878.
=830  \0$aOccasional paper of the Eastern Church Association ;$vno. 3.
=830  \0$aNineteenth Century Collections Online: British Politics and Society.
=856  40$yUCF: Click here for ONLINE ACCESS$uhttps://login.ezproxy.net.ucf.edu/login?url=http://ncco.galegroup.com/gdc/ncco/MonographsDetailsPage/MonographsDetailsWindow?disableHighlighting=false&prodId=NCCO&action=1&activityType=BasicSearch&javax.portlet.action=viewPortletAction&documentId=GALE%7CLCVWKS592493643&dviSelectedPage=1&userGroupName=orla57816$zNineteenth Century Collections Online$5FOFT
=856  40$yUCF: Click here for ONLINE ACCESS$uhttp://library.ucf.edu/Web/purl.asp?pid=1338$zSearch for title at NCCO Main Page$5FOFT
=856  40$uhttp://ezproxy.fau.edu/login?url=http://ncco.galegroup.com/gdc/ncco/MonographsDetailsPage/MonographsDetailsWindow?disableHighlighting=false&prodId=NCCO&action=1&activityType=BasicSearch&javax.portlet.action=viewPortletAction&documentId=GALE%7CLCVWKS592493643&dviSelectedPage=1&userGroupName=gale15691$yFAU: Off-campus access limited to current FAU students & employees$5FBoU
=856  40$uhttps://login.proxy.lib.fsu.edu/login?url=http://ncco.galegroup.com/gdc/ncco/MonographsDetailsPage/MonographsDetailsWindow?disableHighlighting=false&prodId=NCCO&action=1&activityType=BasicSearch&javax.portlet.action=viewPortletAction&documentId=GALE%7CLCVWKS592493643&dviSelectedPage=1&userGroupName=tall85761$yFSU: Off-campus access limited to current FSU students & employees$5FTaSU
=856  40$uhttp://ncco.galegroup.com/gdc/ncco/MonographsDetailsPage/MonographsDetailsWindow?disableHighlighting=false&prodId=NCCO&action=1&activityType=BasicSearch&javax.portlet.action=viewPortletAction&documentId=GALE%7CLCVWKS592493643&dviSelectedPage=1&userGroupName=gain40375$yUF: Off-campus access limited to current UF students & employees$5FU

