=LDR  02638cam a2200313Ka 4500
=001  031771160
=005  20140221120029.0
=006  m\\\\|o\\d\|\\\\\\
=007  cr\|n||||||||n
=008  110429s1827\\\\gw\\\\\\o\\\\\000\1\ger\d
=035  \\$a(MiFhGG)NCCO001250
=040  \\$aMIGCL$cUtOrBLW
=090  \\$aAC1$b.N559
=100  1\$aClauren, H.$q(Heinrich),$d1771-1854.
=245  10$aLieschen$h[electronic resource] /$cvon H.Clauren.
=260  \\$aDresden ;$aLeipzig :$bArnold,$c1827$f(C. Meinhold)
=300  \\$a1 online resource (2 v.).
=490  0\$aScherz und Ernst. 4.Sammlung ;$v6-7
=490  1\$aNineteenth Century Collections Online: European Literature, 1790-1840: The Corvey Collection
=590  \\$a(OCoLC)830941985
=500  \\$aWork of fiction.
=590  \\$aReproduced from source library: T. 2.
=650  \0$aGerman fiction$y19th century.
=830  \0$aNineteenth Century Collections Online: European Literature, 1790-1840: The Corvey Collection.
=856  40$yUCF: Click here for ONLINE ACCESS$uhttps://login.ezproxy.net.ucf.edu/login?url=http://ncco.galegroup.com/gdc/ncco/MonographsDetailsPage/MonographsDetailsWindow?disableHighlighting=false&prodId=NCCO&action=1&activityType=BasicSearch&javax.portlet.action=viewPortletAction&documentId=GALE%7CZWJXCY195106251&dviSelectedPage=1&userGroupName=orla57816$zNineteenth Century Collections Online$5FOFT
=856  40$yUCF: Click here for ONLINE ACCESS$uhttp://library.ucf.edu/Web/purl.asp?pid=1338$zSearch for title at NCCO Main Page$5FOFT
=856  40$uhttp://ezproxy.fau.edu/login?url=http://ncco.galegroup.com/gdc/ncco/MonographsDetailsPage/MonographsDetailsWindow?disableHighlighting=false&prodId=NCCO&action=1&activityType=BasicSearch&javax.portlet.action=viewPortletAction&documentId=GALE%7CZWJXCY195106251&dviSelectedPage=1&userGroupName=gale15691$yFAU: Off-campus access limited to current FAU students & employees$5FBoU
=856  40$uhttps://login.proxy.lib.fsu.edu/login?url=http://ncco.galegroup.com/gdc/ncco/MonographsDetailsPage/MonographsDetailsWindow?disableHighlighting=false&prodId=NCCO&action=1&activityType=BasicSearch&javax.portlet.action=viewPortletAction&documentId=GALE%7CZWJXCY195106251&dviSelectedPage=1&userGroupName=tall85761$yFSU: Off-campus access limited to current FSU students & employees$5FTaSU
=856  40$uhttp://ncco.galegroup.com/gdc/ncco/MonographsDetailsPage/MonographsDetailsWindow?disableHighlighting=false&prodId=NCCO&action=1&activityType=BasicSearch&javax.portlet.action=viewPortletAction&documentId=GALE%7CZWJXCY195106251&dviSelectedPage=1&userGroupName=gain40375$yUF: Off-campus access limited to current UF students & employees$5FU

