=LDR  02812cam a2200325Ma 4500
=001  031773412
=005  20140221135149.0
=006  m\\\\|o\\d\|\\\\\\
=007  cr\|n||||||||n
=008  740830s1835\\\\gw\af\\\o\\\\\000\mdeng\d
=035  \\$a(MiFhGG)NCCO006748
=040  \\$aMIGCL$cUtOrBLW
=090  \\$aAC1$b.N559
=100  1\$aLytton, Edward Bulwer Lytton,$cBaron,$d1803-1873.
=245  14$aThe student, a series of papers$h[electronic resource] :$bO'Neill, or, The rebel /$cby Edward Lytton Bulwer.
=260  \\$aLeipzig :$bF. Fleischer,$c1835.
=300  \\$a1 online resource ([3], 464 p., [1] leaf of plates) :$bill.
=490  0\$aThe complete works of E.L. Bulwer ;$vv. X
=490  1\$aNineteenth Century Collections Online: European Literature, 1790-1840: The Corvey Collection
=590  \\$a(OCoLC)830960566
=500  \\$a"With a biographical notice and a portrait of the author."
=500  \\$aWork of fiction.
=600  10$aLytton, Edward Bulwer Lytton,$cBaron,$d1803-1873.
=740  02$aO'Neill, or, The rebel.
=830  \0$aNineteenth Century Collections Online: European Literature, 1790-1840: The Corvey Collection.
=856  40$yUCF: Click here for ONLINE ACCESS$uhttps://login.ezproxy.net.ucf.edu/login?url=http://ncco.galegroup.com/gdc/ncco/MonographsDetailsPage/MonographsDetailsWindow?disableHighlighting=false&prodId=NCCO&action=1&activityType=BasicSearch&javax.portlet.action=viewPortletAction&documentId=GALE%7CPTUUTR772660333&dviSelectedPage=1&userGroupName=orla57816$zNineteenth Century Collections Online$5FOFT
=856  40$yUCF: Click here for ONLINE ACCESS$uhttp://library.ucf.edu/Web/purl.asp?pid=1338$zSearch for title at NCCO Main Page$5FOFT
=856  40$uhttp://ezproxy.fau.edu/login?url=http://ncco.galegroup.com/gdc/ncco/MonographsDetailsPage/MonographsDetailsWindow?disableHighlighting=false&prodId=NCCO&action=1&activityType=BasicSearch&javax.portlet.action=viewPortletAction&documentId=GALE%7CPTUUTR772660333&dviSelectedPage=1&userGroupName=gale15691$yFAU: Off-campus access limited to current FAU students & employees$5FBoU
=856  40$uhttps://login.proxy.lib.fsu.edu/login?url=http://ncco.galegroup.com/gdc/ncco/MonographsDetailsPage/MonographsDetailsWindow?disableHighlighting=false&prodId=NCCO&action=1&activityType=BasicSearch&javax.portlet.action=viewPortletAction&documentId=GALE%7CPTUUTR772660333&dviSelectedPage=1&userGroupName=tall85761$yFSU: Off-campus access limited to current FSU students & employees$5FTaSU
=856  40$uhttp://ncco.galegroup.com/gdc/ncco/MonographsDetailsPage/MonographsDetailsWindow?disableHighlighting=false&prodId=NCCO&action=1&activityType=BasicSearch&javax.portlet.action=viewPortletAction&documentId=GALE%7CPTUUTR772660333&dviSelectedPage=1&userGroupName=gain40375$yUF: Off-campus access limited to current UF students & employees$5FU

