=LDR  02769nam a2200301Ma 4500
=001  031776058
=005  20140221225959.0
=006  m\\\\|o\\d\|\\\\\\
=007  cr\|n||||||||n
=008  040420s1825\\\\fr\\\\\\o\\\\\000\1\fre\d
=035  \\$a(MiFhGG)NCCO009416
=040  \\$aMIGCL$cUtOrBLW
=090  \\$aAC1$b.N559
=245  00$aHistoire admirable du Franc$h[electronic resource] :$bHarderad et de la Vierge Aurélia, Légende du 7e Siècle, retrouvée et traduite par un amateur d'antiquités françaises /$cet publiée par Auguste Trognon.
=260  \\$aParis :$bChez Briere, libr.,$c1825$f(D'Hippolyte Tilliard)
=300  \\$a1 online resource (192 p.).
=490  0\$aManuscrits de l'ancienne abbaye de Saint Julien, a Broiude ;$vptie 1
=490  1\$aNineteenth Century Collections Online: European Literature, 1790-1840: The Corvey Collection
=590  \\$a(OCoLC)830973289
=500  \\$aTitle vignette.
=500  \\$aWork of fiction.
=700  1\$aTrognon, Auguste,$d1795-1873.
=830  \0$aNineteenth Century Collections Online: European Literature, 1790-1840: The Corvey Collection.
=856  40$yUCF: Click here for ONLINE ACCESS$uhttps://login.ezproxy.net.ucf.edu/login?url=http://ncco.galegroup.com/gdc/ncco/MonographsDetailsPage/MonographsDetailsWindow?disableHighlighting=false&prodId=NCCO&action=1&activityType=BasicSearch&javax.portlet.action=viewPortletAction&documentId=GALE%7CZWBORQ700031321&dviSelectedPage=1&userGroupName=orla57816$zNineteenth Century Collections Online$5FOFT
=856  40$yUCF: Click here for ONLINE ACCESS$uhttp://library.ucf.edu/Web/purl.asp?pid=1338$zSearch for title at NCCO Main Page$5FOFT
=856  40$uhttp://ezproxy.fau.edu/login?url=http://ncco.galegroup.com/gdc/ncco/MonographsDetailsPage/MonographsDetailsWindow?disableHighlighting=false&prodId=NCCO&action=1&activityType=BasicSearch&javax.portlet.action=viewPortletAction&documentId=GALE%7CZWBORQ700031321&dviSelectedPage=1&userGroupName=gale15691$yFAU: Off-campus access limited to current FAU students & employees$5FBoU
=856  40$uhttps://login.proxy.lib.fsu.edu/login?url=http://ncco.galegroup.com/gdc/ncco/MonographsDetailsPage/MonographsDetailsWindow?disableHighlighting=false&prodId=NCCO&action=1&activityType=BasicSearch&javax.portlet.action=viewPortletAction&documentId=GALE%7CZWBORQ700031321&dviSelectedPage=1&userGroupName=tall85761$yFSU: Off-campus access limited to current FSU students & employees$5FTaSU
=856  40$uhttp://ncco.galegroup.com/gdc/ncco/MonographsDetailsPage/MonographsDetailsWindow?disableHighlighting=false&prodId=NCCO&action=1&activityType=BasicSearch&javax.portlet.action=viewPortletAction&documentId=GALE%7CZWBORQ700031321&dviSelectedPage=1&userGroupName=gain40375$yUF: Off-campus access limited to current UF students & employees$5FU

