=LDR  02229ngm a22003853a 4500
=001  031783061
=005  20150223173454.0
=006  m|||||o||c||||||||
=007  cr||n|\\\||a|a
=007  vz||zazu|
=008  121030s1983\\\\mau035\\\\\\\\o\\\v|eng|d
=035  \\$a(VaAlASP)ASP1763430/ahiv
=040  \\$aVaAlASP$cVaAlASP
=090  \\$aE178$b.A436
=245  00$aInterview with Henry H. Fowler, 1981$h[electronic resource] /$cby Richard Ellison and Henry Hammill Fowler.
=260  \\$aBoston, Mass. :$bWGBH Boston Video,$c1983.
=300  \\$a1 online resource (35 min.).
=490  0\$aAmerican history in video
=490  0\$aVietnam : a television history
=500  \\$aTitle from resource description page (viewed Nov. 5, 2012).
=530  \\$aPreviously released as DVD.
=533  \\$aElectronic reproduction.$bAlexandria, VA :$cAlexander Street Press,$d2012.$f(American history in video).$nAvailable via World Wide Web.
=546  \\$aThis edition in English.
=600  10$aFowler, Henry H.,$d1908-$vInterviews.
=655  \7$aNonfiction films.$2lcgft
=655  \7$aTelevision interviews.$2lcgft
=700  1\$aEllison, Richard,$cproducer.$4pro
=700  1\$aFowler, Henry H.,$d1908-
=856  40$yUCF: Click here for ONLINE ACCESS$uhttps://login.ezproxy.net.ucf.edu/login?url=http://www.aspresolver.com/aspresolver.asp?AHIV;1763430$zAmerican History in Video$5FOFT
=856  40$yUCF: Click here for ONLINE ACCESS$uhttp://library.ucf.edu/Web/purl.asp?pid=1367$zAmerican History in Video Home Page$5FOFT
=856  40$zStreaming video available:$uhttp://ezproxy.fau.edu/login?url=http://www.aspresolver.com/aspresolver.asp?AHIV;1763430$5FBoU
=856  40$uhttp://ezproxy.fau.edu/login?url=http://www.aspresolver.com/aspresolver.asp?AHIV;1763430$yFAU: Off-campus access limited to current FAU students & employees$5FBoU
=856  40$uhttp://famuproxy.fcla.edu/login?url=http://www.aspresolver.com/aspresolver.asp?AHIV;1763430$yFAMU: Off-campus access limited to current FAMU students & employees$5FTaFA
=856  40$uhttp://ezproxy.fgcu.edu/login?url=http://www.aspresolver.com/aspresolver.asp?AHIV;1763430$yConnect now$zFGCU: Off-campus access limited to current FGCU students & employees$5FFmFGC
=945  0\$aThe Whole World

