=LDR  02775ngm a22004093a 4500
=001  031783422
=005  20150224153659.0
=006  m|||||o||c||||||||
=007  cr||n|\\\||a|a
=007  vz||zazu|
=008  120229s2006\\\\enk|||||||||||o|||vleng|d
=035  \\$a(VaAlASP)ASP1730861/ediv
=035  \\$a(OCoLC)815786601
=040  \\$aVaAlASP$cVaAlASP
=090  \\$aLB1025.3$b.E383
=245  00$aPractical tips$h[electronic resource].
=260  \\$a[London] :$bTeachers TV/UK Department of Education,$c2006.
=300  \\$a1 online resource (14 min.).
=490  0\$aEducation in video
=490  0\$aPrimary supply teachers ;$v2
=500  \\$aTitle from resource description page (viewed Mar. 5, 2012).
=520  \\$aThis programme visits three Bristol schools to hear from supply teachers and pupils about what works and what doesn't when it comes to being a supply teacher in primary schools. The pupils reveal their views on what they like and dislike about supply teachers, and how they prefer to be treated.There are also some very practical tips from Marina Rauputu, a deputy head in New Zealand who is on a year's sabbatical, Carol Beale who is a regular supply teacher in several local schools in Bristol and Julia Daysley who specialises in Early Years. They reveal their methods for teaching, for control and for rewarding pupils, that work for any age group.
=530  \\$aPreviously released as DVD.
=533  \\$aElectronic reproduction.$bAlexandria, VA :$cAlexander Street Press,$d2012.$f(Education in video).$nAvailable via World Wide Web.
=546  \\$aThis edition in English.
=650  \0$aSubstitute teachers$zGreat Britain.
=655  \7$aInstructional television programs.$2lcgft
=655  \7$aInternet videos.$2lcgft$5FMFIU
=710  2\$aAvailable Light (Firm)$4pro
=776  1\$cOriginal publisher catalog number$oC/0938/002
=856  40$yUCF: Click here for ONLINE ACCESS$uhttps://login.ezproxy.net.ucf.edu/login?url=http://www.aspresolver.com/aspresolver.asp?EDIV;1730861$zEducation in Video$5FOFT
=856  40$yUCF: Click here for ONLINE ACCESS$uhttp://library.ucf.edu/Web/purl.asp?pid=1373$zEducation in Video Home Page$5FOFT
=856  40$uhttp://ezproxy.fiu.edu/login?url=http://www.aspresolver.com/aspresolver.asp?EDIV;1730861$yFIU users: view content here$5FMFIU
=856  40$uhttp://ezproxy.fau.edu/login?url=http://www.aspresolver.com/aspresolver.asp?EDIV;1730861$5FBoU
=856  40$uhttp://www.aspresolver.com/aspresolver.asp?EDIV;1730861$yUF: Off-campus access limited to current UF students & employees$5FU
=856  40$uhttp://ezproxy.fgcu.edu/login?url=http://www.aspresolver.com/aspresolver.asp?EDIV;1730861$yConnect now$zFGCU: Off-campus access limited to current FGCU students & employees$5FFmFGC
=945  \\$aThe Whole World

