=LDR  03036ngm a22004693a 4500
=001  031783635
=005  20150224155038.0
=006  m|||||o||c||||||||
=007  cr||n|\\\||a|a
=007  vz||zazu|
=008  120229s2005\\\\enk|||||||||||o|||vleng|d
=035  \\$a(VaAlASP)ASP1736845/ediv
=035  \\$a(OCoLC)815796627
=040  \\$aVaAlASP$cVaAlASP
=090  \\$aLB1025.3$b.E383
=245  00$aMike Tomlinson$h[electronic resource].
=260  \\$a[London] :$bTeachers TV/UK Department of Education,$c2005.
=300  \\$a1 online resource (28 min.).
=490  0\$aEducation in video
=490  0\$aTed Wragg meets ;$v2
=500  \\$aTitle from resource description page (viewed Mar. 5, 2012).
=520  \\$aSir Mike Tomlinson seems to enjoy difficult challenges, succeeding Chris Woodhead as Chief Inspector of Schools, sorting out the 2002 exams fiasco and leading the inquiry into the education of 14-19 year olds, which became the Tomlinson Report. In a frank discussion with Ted Wragg, he argues that we have one of the most over-examined systems in the world: I just want a sensible balance between external examinations and the professional judgement of our teachers.But government response to his report was disappointing: Unless we have an education system which enables all young people's talents and abilities to be identified, nurtured and recognised, then we will pay a price.
=530  \\$aPreviously released as DVD.
=533  \\$aElectronic reproduction.$bAlexandria, VA :$cAlexander Street Press,$d2012.$f(Education in video).$nAvailable via World Wide Web.
=546  \\$aThis edition in English.
=600  10$aTomlinson, Mike,$d1942-
=650  \0$aEducational leadership$zGreat Britain.
=650  \0$aEducational tests and measurements$zGreat Britain.
=650  \0$aEducation and state$zGreat Britain.
=655  \7$aTelevision interviews.$2lcgft
=655  \7$aInternet videos.$2lcgft$5FMFIU
=700  1\$aTomlinson, Mike,$d1942-
=700  1\$aWragg, E. C.$q(Edward Conrad)
=710  2\$aBrook Lapping Productions.$4pro
=776  1\$cOriginal publisher catalog number$oC/0701/002
=856  40$yUCF: Click here for ONLINE ACCESS$uhttps://login.ezproxy.net.ucf.edu/login?url=http://www.aspresolver.com/aspresolver.asp?EDIV;1736845$zEducation in Video$5FOFT
=856  40$yUCF: Click here for ONLINE ACCESS$uhttp://library.ucf.edu/Web/purl.asp?pid=1373$zEducation in Video Home Page$5FOFT
=856  40$uhttp://ezproxy.fiu.edu/login?url=http://www.aspresolver.com/aspresolver.asp?EDIV;1736845$yFIU users: view content here$5FMFIU
=856  40$uhttp://ezproxy.fau.edu/login?url=http://www.aspresolver.com/aspresolver.asp?EDIV;1736845$5FBoU
=856  40$uhttp://www.aspresolver.com/aspresolver.asp?EDIV;1736845$yUF: Off-campus access limited to current UF students & employees$5FU
=856  40$uhttp://ezproxy.fgcu.edu/login?url=http://www.aspresolver.com/aspresolver.asp?EDIV;1736845$yConnect now$zFGCU: Off-campus access limited to current FGCU students & employees$5FFmFGC
=945  \\$aThe Whole World

