=LDR  03404ngm a22005293a 4500
=001  031783847
=005  20150224160110.0
=006  m|||||o||c||||||||
=007  cr||n|\\\||a|a
=007  vz||zazu|
=008  120229s2008\\\\enk|||||||||||o|||vleng|d
=035  \\$a(VaAlASP)ASP1737395/ediv
=035  \\$a(OCoLC)815786160
=040  \\$aVaAlASP$cVaAlASP
=090  \\$aLB1025.3$b.E383
=245  00$aPrimary$h[electronic resource].
=260  \\$a[London] :$bTeachers TV/UK Department of Education,$c2008.
=300  \\$a1 online resource (16 min.).
=490  0\$aEducation in video
=490  0\$aPersonalised learning and pupil data ;$v1
=500  \\$aTitle from resource description page (viewed Mar. 5, 2012).
=520  \\$aPupil data is seen as an essential component of the personalised learning programme at Hexthorpe Primary School in Doncaster. This programme looks at the various techniques used to collect the data, and how staff then evaluate and use the data to help pupils on a whole school/class/individual level.In the classroom, Year 2 teacher Liz Denton demonstrates how pupils use their targets to self-assess themselves, stressing the importance of this informal data during her lesson planning. On an individual level, the school stresses the importance of focusing on all levels of ability, especially the gifted and talented. This is emphasised when Emily, a gifted and talented Year 6 pupil meets with her teacher to discuss her personal targets, which they later share with her mother.
=530  \\$aPreviously released as DVD.
=533  \\$aElectronic reproduction.$bAlexandria, VA :$cAlexander Street Press,$d2012.$f(Education in video).$nAvailable via World Wide Web.
=546  \\$aThis edition in English.
=650  \0$aStudents$xStatistics.
=650  \0$aEducational tests and measurements$zGreat Britain.
=650  \0$aIndividualized instruction$zGreat Britain.
=650  \0$aEducation$xAims and objectives.
=650  \0$aStudents$xSelf-rating of.
=650  \0$aTeaching$xMethods.
=650  \0$aAcademic achievement$zGreat Britain.
=650  \0$aEducation$xParent participation.
=650  \0$aAbility grouping in education$zGreat Britain.
=650  \0$aGifted children$xEducation$zGreat Britain.
=650  \0$aLesson planning.
=655  \7$aInstructional television programs.$2lcgft
=655  \7$aInternet videos.$2lcgft$5FMFIU
=710  2\$aReal Life Productions.$4pro
=776  1\$cOriginal publisher catalog number$oC/2777/001
=856  40$yUCF: Click here for ONLINE ACCESS$uhttps://login.ezproxy.net.ucf.edu/login?url=http://www.aspresolver.com/aspresolver.asp?EDIV;1737395$zEducation in Video$5FOFT
=856  40$yUCF: Click here for ONLINE ACCESS$uhttp://library.ucf.edu/Web/purl.asp?pid=1373$zEducation in Video Home Page$5FOFT
=856  40$uhttp://ezproxy.fiu.edu/login?url=http://www.aspresolver.com/aspresolver.asp?EDIV;1737395$yFIU users: view content here$5FMFIU
=856  40$uhttp://ezproxy.fau.edu/login?url=http://www.aspresolver.com/aspresolver.asp?EDIV;1737395$5FBoU
=856  40$uhttp://www.aspresolver.com/aspresolver.asp?EDIV;1737395$yUF: Off-campus access limited to current UF students & employees$5FU
=856  40$uhttp://ezproxy.fgcu.edu/login?url=http://www.aspresolver.com/aspresolver.asp?EDIV;1737395$yConnect now$zFGCU: Off-campus access limited to current FGCU students & employees$5FFmFGC
=945  \\$aThe Whole World

