=LDR  02593ngm a22004213a 4500
=001  031784058
=005  20150224161125.0
=006  m|||||o||c||||||||
=007  cr||n|\\\||a|a
=007  vz||zazu|
=008  120229s2010\\\\enk|||||||||||o|||vleng|d
=035  \\$a(VaAlASP)ASP1738227/ediv
=035  \\$a(OCoLC)815785784
=040  \\$aVaAlASP$cVaAlASP
=090  \\$aLB1025.3$b.E383
=245  00$aPeace process$h[electronic resource] :$bBelfast schools.
=260  \\$a[London] :$bTeachers TV/UK Department of Education,$c2010.
=300  \\$a1 online resource (4 min.).
=490  0\$aEducation in video
=490  0\$aLesson starters ;$v1
=500  \\$aTitle from resource description page (viewed Mar. 5, 2012).
=520  \\$aStaff from two Belfast schools, one Protestant and one Catholic, explain how they get their pupils to integrate in this short video designed for use in secondary global citizenship.The video explores how teachers in Northern Ireland have brought about a sense of community cohesion between their schools, enabling the children to form long-lasting friendships with each other.
=530  \\$aPreviously released as DVD.
=533  \\$aElectronic reproduction.$bAlexandria, VA :$cAlexander Street Press,$d2012.$f(Education in video).$nAvailable via World Wide Web.
=546  \\$aThis edition in English.
=650  \0$aCitizenship$xStudy and teaching (Secondary)$zGreat Britain.
=650  \0$aPeace-building$zNorthern Ireland$zBelfast.
=655  \7$aDocumentary television programs.$2lcgft
=655  \7$aInternet videos.$2lcgft$5FMFIU
=710  2\$aBrook Lapping Productions.$4pro
=776  1\$cOriginal publisher catalog number$oW/4189/001
=856  40$yUCF: Click here for ONLINE ACCESS$uhttps://login.ezproxy.net.ucf.edu/login?url=http://www.aspresolver.com/aspresolver.asp?EDIV;1738227$zEducation in Video$5FOFT
=856  40$yUCF: Click here for ONLINE ACCESS$uhttp://library.ucf.edu/Web/purl.asp?pid=1373$zEducation in Video Home Page$5FOFT
=856  40$uhttp://ezproxy.fiu.edu/login?url=http://www.aspresolver.com/aspresolver.asp?EDIV;1738227$yFIU users: view content here$5FMFIU
=856  40$uhttp://ezproxy.fau.edu/login?url=http://www.aspresolver.com/aspresolver.asp?EDIV;1738227$5FBoU
=856  40$uhttp://www.aspresolver.com/aspresolver.asp?EDIV;1738227$yUF: Off-campus access limited to current UF students & employees$5FU
=856  40$uhttp://ezproxy.fgcu.edu/login?url=http://www.aspresolver.com/aspresolver.asp?EDIV;1738227$yConnect now$zFGCU: Off-campus access limited to current FGCU students & employees$5FFmFGC
=945  \\$aThe Whole World

