=LDR  02801ngm a22004573a 4500
=001  031784270
=005  20150224162004.0
=006  m|||||o||c||||||||
=007  cr||n|\\\||a|a
=007  vz||zazu|
=008  120229s2006\\\\enk|||||||||||o|||vleng|d
=035  \\$a(VaAlASP)ASP1742900/ediv
=035  \\$a(OCoLC)815773025
=040  \\$aVaAlASP$cVaAlASP
=090  \\$aLB1025.3$b.E383
=245  00$aMick Waters$h[electronic resource].
=260  \\$a[London] :$bTeachers TV/UK Department of Education,$c2006.
=300  \\$a1 online resource (28 min.).
=490  0\$aEducation in video
=490  0\$aEstelle Morris meets ;$v3
=500  \\$aTitle from resource description page (viewed Mar. 5, 2012).
=520  \\$aIn this lively interview Mick Waters, the influential Director of Curriculum at the QCA discusses the evolution of the curriculum, what has changed over the years and what needs to change for the future; and his vision for a curriculum that can genuinely engage and empower young people in the 21st Century. In particular Mick speaks engagingly on cross subject learning, curriculum reform at Key Stage 3, the effect of curriculum changes on schools, and tackles the issue of curriculum constraints on teaching.
=530  \\$aPreviously released as DVD.
=533  \\$aElectronic reproduction.$bAlexandria, VA :$cAlexander Street Press,$d2012.$f(Education in video).$nAvailable via World Wide Web.
=546  \\$aThis edition in English.
=600  10$aWaters, Mick$vInterviews.
=650  \0$aEducational leadership$zGreat Britain.
=650  \0$aEducation$xCurricula$zGreat Britain.
=650  \0$aCurriculum change$zGreat Britain.
=655  \7$aTelevision interviews.$2lcgft
=655  \7$aInternet videos.$2lcgft$5FMFIU
=700  1\$aMorris, Estelle.
=710  2\$aBrook Lapping Productions.$4pro
=776  1\$cOriginal publisher catalog number$oC/2009/003
=856  40$yUCF: Click here for ONLINE ACCESS$uhttps://login.ezproxy.net.ucf.edu/login?url=http://www.aspresolver.com/aspresolver.asp?EDIV;1742900$zEducation in Video$5FOFT
=856  40$yUCF: Click here for ONLINE ACCESS$uhttp://library.ucf.edu/Web/purl.asp?pid=1373$zEducation in Video Home Page$5FOFT
=856  40$uhttp://ezproxy.fiu.edu/login?url=http://www.aspresolver.com/aspresolver.asp?EDIV;1742900$yFIU users: view content here$5FMFIU
=856  40$uhttp://ezproxy.fau.edu/login?url=http://www.aspresolver.com/aspresolver.asp?EDIV;1742900$5FBoU
=856  40$uhttp://www.aspresolver.com/aspresolver.asp?EDIV;1742900$yUF: Off-campus access limited to current UF students & employees$5FU
=856  40$uhttp://ezproxy.fgcu.edu/login?url=http://www.aspresolver.com/aspresolver.asp?EDIV;1742900$yConnect now$zFGCU: Off-campus access limited to current FGCU students & employees$5FFmFGC
=945  \\$aThe Whole World

