=LDR  03124ngm a22004093a 4500
=001  031784482
=005  20150304132214.0
=006  m|||||o||c||||||||
=007  cr||n|\\\||a|a
=007  vz||zazu|
=008  120229s2008\\\\enk|||||||||||o|||vleng|d
=035  \\$a(VaAlASP)ASP1743168/ediv
=035  \\$a(OCoLC)829687584
=040  \\$aVaAlASP$cVaAlASP
=090  \\$aLB1025.3$b.E383
=245  00$aShow racism the red card$h[electronic resource].
=260  \\$a[London] :$bTeachers TV/UK Department of Education,$c2008.
=300  \\$a1 online resource (16 min.).
=490  0\$aEducation in video
=490  0\$aKS2 anti-racism with Man Utd ;$v1
=500  \\$aTitle from resource description page (viewed Mar. 5, 2012).
=520  \\$aShow Racism the Red Card is a charity which joins forces with professional footballers to combat racism. A group of Year 6 pupils from St John's Primary School in Manchester attend the launch of SRtRC's latest film, Racism and the Beautiful Game at Man Utd's Old Trafford ground. After watching the film, the pupils have the chance to put their questions to a panel of footballers, including Rio Ferdinand and Andy Cole, and hear the players own stories of racism they ve experienced, both on and off the pitch. Back at school, the class do an activity from SRtRC's education pack to help them understand how it feels to be a victim of racism. Then they set to work on group entries for SRtRC's annual schools competition, which asks for creative work such as music, drama, writing and art with an anti-racist message behind it. The groups discuss the meaning of racism and use the answers they come up with to put together some drama and rap entries.
=530  \\$aPreviously released as DVD.
=533  \\$aElectronic reproduction.$bAlexandria, VA :$cAlexander Street Press,$d2012.$f(Education in video).$nAvailable via World Wide Web.
=546  \\$aThis edition in English.
=650  \0$aRacism.
=655  \7$aInstructional television programs.$2lcgft
=655  \7$aInternet videos.$2lcgft$5FMFIU
=710  2\$aLibra Television.$4pro
=776  1\$cOriginal publisher catalog number$oC/3384/001
=856  40$yUCF: Click here for ONLINE ACCESS$uhttps://login.ezproxy.net.ucf.edu/login?url=http://www.aspresolver.com/aspresolver.asp?EDIV;1743168$zEducation in Video$5FOFT
=856  40$yUCF: Click here for ONLINE ACCESS$uhttp://library.ucf.edu/Web/purl.asp?pid=1373$zEducation in Video Home Page$5FOFT
=856  40$uhttp://ezproxy.fiu.edu/login?url=http://www.aspresolver.com/aspresolver.asp?EDIV;1743168$yFIU users: view content here$5FMFIU
=856  40$uhttp://ezproxy.fau.edu/login?url=http://www.aspresolver.com/aspresolver.asp?EDIV;1743168$yFAU: Off-campus access limited to current FAU students & employees$5FBoU
=856  40$uhttp://www.aspresolver.com/aspresolver.asp?EDIV;1743168$yUF: Off-campus access limited to current UF students & employees$5FU
=856  40$uhttp://ezproxy.fgcu.edu/login?url=http://www.aspresolver.com/aspresolver.asp?EDIV;1743168$yConnect now$zFGCU: Off-campus access limited to current FGCU students & employees$5FFmFGC
=945  \\$aThe Whole World

