=LDR  02446ngm a22004213a 4500
=001  031784694
=005  20150304132915.0
=006  m|||||o||c||||||||
=007  cr||n|\\\||a|a
=007  vz||zazu|
=008  120229s2010\\\\enk|||||||||||o|||vleng|d
=035  \\$a(VaAlASP)ASP1737807/ediv
=035  \\$a(OCoLC)829687879
=040  \\$aVaAlASP$cVaAlASP
=090  \\$aLB1025.3$b.E383
=245  00$aThink about the future$h[electronic resource] :$bpregnancy.
=260  \\$a[London] :$bTeachers TV/UK Department of Education,$c2010.
=300  \\$a1 online resource (3 min.).
=490  0\$aEducation in video
=490  0\$aKS3/4 PSHE - teenage love and relationships ;$v3
=500  \\$aTitle from resource description page (viewed Mar. 5, 2012).
=520  \\$aSuitable for Key Stage 3 and Key Stage 4 PSHE sex and relationship education. This resource is intended to spark debate around the topic of teenage pregnancy.
=530  \\$aPreviously released as DVD.
=533  \\$aElectronic reproduction.$bAlexandria, VA :$cAlexander Street Press,$d2012.$f(Education in video).$nAvailable via World Wide Web.
=546  \\$aThis edition in English.
=650  \0$aTeenage pregnancy.
=650  \0$aTeenage pregnancy$xStudy and teaching$zGreat Britain.
=655  \7$aInstructional television programs.$2lcgft
=655  \7$aInternet videos.$2lcgft$5FMFIU
=710  2\$aMike Dick Productions Ltd.$4pro
=776  1\$cOriginal publisher catalog number$oC/4425/003
=856  40$yUCF: Click here for ONLINE ACCESS$uhttps://login.ezproxy.net.ucf.edu/login?url=http://www.aspresolver.com/aspresolver.asp?EDIV;1737807$zEducation in Video$5FOFT
=856  40$yUCF: Click here for ONLINE ACCESS$uhttp://library.ucf.edu/Web/purl.asp?pid=1373$zEducation in Video Home Page$5FOFT
=856  40$uhttp://ezproxy.fiu.edu/login?url=http://www.aspresolver.com/aspresolver.asp?EDIV;1737807$yFIU users: view content here$5FMFIU
=856  40$uhttp://ezproxy.fau.edu/login?url=http://www.aspresolver.com/aspresolver.asp?EDIV;1737807$yFAU: Off-campus access limited to current FAU students & employees$5FBoU
=856  40$uhttp://www.aspresolver.com/aspresolver.asp?EDIV;1737807$yUF: Off-campus access limited to current UF students & employees$5FU
=856  40$uhttp://ezproxy.fgcu.edu/login?url=http://www.aspresolver.com/aspresolver.asp?EDIV;1737807$yConnect now$zFGCU: Off-campus access limited to current FGCU students & employees$5FFmFGC
=945  \\$aThe Whole World

