=LDR  03188ngm a22004333a 4500
=001  031784905
=005  20150304133630.0
=006  m|||||o||c||||||||
=007  cr||n|\\\||a|a
=007  vz||zazu|
=008  120229s2008\\\\enk|||||||||||o|||vleng|d
=035  \\$a(VaAlASP)ASP1743062/ediv
=035  \\$a(OCoLC)829688674
=040  \\$aVaAlASP$cVaAlASP
=090  \\$aLB1025.3$b.E383
=245  00$aWork entitlements$h[electronic resource].
=260  \\$a[London] :$bTeachers TV/UK Department of Education,$c2008.
=300  \\$a1 online resource (18 min.).
=490  0\$aEducation in video
=490  0\$aNeed to know ;$v2
=500  \\$aTitle from resource description page (viewed Mar. 5, 2012).
=520  \\$aMike Baker talks to the TDA's head of re-modelling Stephen Baker about how he sees the future of performance management and re-modelling as we enter a time of financial uncertainty. We also hear from senior trade unionists, some of whom signed up to the tenets of the workforce agreement in 2003 and some who didn't, to find out whether they think that the agreement is working and how it should be developed in future. We visit a secondary school that has traditionally been short of money to find out how they have financed their obligations towards their staff in terms of PPA time and cover, and asked ordinary teachers about how the workforce agreement is working, and whether they believe PPA time should be made a statutory requirement as suggested by Secretary of State for Children, Schools and Family, Ed Balls. Finally we find out what re-modelling means for teachers tasked with educating children in our schools.
=530  \\$aPreviously released as DVD.
=533  \\$aElectronic reproduction.$bAlexandria, VA :$cAlexander Street Press,$d2012.$f(Education in video).$nAvailable via World Wide Web.
=546  \\$aThis edition in English.
=650  \0$aPerformance$xManagement.
=650  \0$aTeachers$zGreat Britain.
=650  \0$aEmployee rights$zGreat Britain.
=655  \7$aDocumentary television programs.$2lcgft
=655  \7$aInternet videos.$2lcgft$5FMFIU
=710  2\$aBrook Lapping Productions.$4pro
=776  1\$cOriginal publisher catalog number$oC/3167/002
=856  40$yUCF: Click here for ONLINE ACCESS$uhttps://login.ezproxy.net.ucf.edu/login?url=http://www.aspresolver.com/aspresolver.asp?EDIV;1743062$zEducation in Video$5FOFT
=856  40$yUCF: Click here for ONLINE ACCESS$uhttp://library.ucf.edu/Web/purl.asp?pid=1373$zEducation in Video Home Page$5FOFT
=856  40$uhttp://ezproxy.fiu.edu/login?url=http://www.aspresolver.com/aspresolver.asp?EDIV;1743062$yFIU users: view content here$5FMFIU
=856  40$uhttp://ezproxy.fau.edu/login?url=http://www.aspresolver.com/aspresolver.asp?EDIV;1743062$yFAU: Off-campus access limited to current FAU students & employees$5FBoU
=856  40$uhttp://www.aspresolver.com/aspresolver.asp?EDIV;1743062$yUF: Off-campus access limited to current UF students & employees$5FU
=856  40$uhttp://ezproxy.fgcu.edu/login?url=http://www.aspresolver.com/aspresolver.asp?EDIV;1743062$yConnect now$zFGCU: Off-campus access limited to current FGCU students & employees$5FFmFGC
=945  \\$aThe Whole World

