=LDR  01010cam a2200253Ka 4500
=001  031789740
=005  20130614074654.0
=008  060414s1956\\\\dcu\\\\\\\\\\f000\0\eng\d
=035  \\$a(OCoLC)66528731
=040  \\$aNYG$cNYG$dNYG$dFUG
=049  \\$aFUGG
=086  0\$aFS 2.2:102/956 x
=086  0\$aFS 2.50:42/2$5FU
=245  00$aUndulant fever /$cU.S. Dept. of Health, Education, and Welfare, Public Health Service.
=250  \\$aRev. 1956.
=260  \\$aWashington, D.C. :$bU.S. Department of Health, Education, and Welfare, Public Health Service,$bU.S. G.P.O.,$c[1956]
=300  \\$a1 folded sheet [3] p. ;$c22 cm.
=490  1\$aPublic Health Service publication ;$vno. 102
=490  0\$aHealth information series ;$vno. 42
=500  \\$aCover title.
=650  \0$aBrucellosis$vPopular works.
=710  1\$aUnited States.$bPublic Health Service
=830  \0$aPublic Health Service publication ;$vno. 102 (Rev. 1956)
=830  \0$aHealth information series (United States. Public Health Service) ;$vno. 42 (Rev. 1956)

