=LDR  01700cgm a2200409Ma 4500
=001  031793208
=005  20130621111711.0
=006  m\\\\\o\\c\\\\\\\\
=007  cr\|n|\\\||a|a
=007  vz\|zazu|
=008  121030s1983\\\\mau051\\\\\\\\o\\\vueng\d
=035  \\$a(OCoLC)827298254
=040  \\$aALSTP$beng$epn$cALSTP$dOCLCQ$dOCLCO$dOCLCA$dOCLCQ$dOCLCA
=049  \\$aFHME
=245  00$aInterview with Scott Camil, 1981$h[electronic resource] /$cby Richard Ellison and Scott Camil.
=260  \\$aBoston, Mass. :$bWGBH Boston Video,$c1983.
=300  \\$a1 online resource (51 min.).
=336  \\$atwo-dimensional moving image$btdi$2rdacontent
=337  \\$acomputer$bc$2rdamedia
=338  \\$aonline resource$bcr$2rdacarrier
=490  0\$aAmerican history in video
=490  0\$aVietnam : a television history
=500  \\$aTitle from resource description page (viewed Nov. 5, 2012).
=546  \\$aThis edition in English.
=650  \0$aVietnam War, 1961-1975$xVeterans$vInterviews.
=650  \0$aVietnam War, 1961-1975.
=655  \7$aNonfiction films.$2lcgft
=655  \7$aTelevision interviews.$2lcgft
=655  \7$aInternet videos$2lcgft$5FTS
=655  \7$aStreaming video$2lcsh$5FTS
=655  \7$aOnline video$2lcgft$5FTS
=700  1\$aCamil, Scott,$d1946-$4spk
=700  1\$aEllison, Richard$c(Producer)$4pro
=776  08$iPrint version:$tInterview with Scott Camil, 1981.$dBoston, Mass. : WGBH Boston Video, 1983 publisher catalog number$o301284-1
=856  40$3Alexander Street Press$uhttp://ezproxy.lib.usf.edu/login?url=http://www.aspresolver.com/aspresolver.asp?AHIV;1772302$yUSF ONLINE ACCESS$5FTS
=994  \\$a92$bFHM
=938  \\$aAlexander Street Press$bALSP$nASP1772302/vast

