=LDR  03970cgm a22006133a 4500
=001  031797842
=005  20150224132733.0
=006  m|||||o||c||||||||
=007  cr||n|\\\||a|a
=007  vz||zazu|
=008  130322s1995\\\\nyu144\g\\\\\|o\\\v|eng\d
=035  \\$a(VaAlASP)ASP1775024/whiv
=040  \\$aVaAlASP$cVaAlASP
=090  \\$aD20$b.W6756
=245  00$aDeath of the Reich$h[electronic resource].
=246  3\$aJustice at Nuremberg
=246  3\$aSpoils of war
=260  \\$aNew York, NY :$bA&E Television Networks,$c1995.
=300  \\$a1 online resource (144 min.).
=306  \\$a022357
=490  0\$aLast days of World War II ;$v1-3
=490  0\$aWorld history in video
=500  \\$aTitle from resource description page (viewed Mar. 22, 2013).
=530  \\$aPreviously released as DVD.
=546  \\$aThis edition in English.
=650  \0$aWorld War, 1939-1945.
=650  \0$aWorld War, 1939-1945$xCampaigns$zEurope.
=650  \0$aWorld War, 1939-1945$xCampaigns.
=650  \0$aWorld War, 1939-1945$zEurope.
=650  \0$aNuremberg Trial of Major German War Criminals, Nuremberg, Germany, 1945-1946.
=655  \7$aDocumentary films.$2lcgft
=655  \7$aNonfiction films.$2lcgft
=655  \7$aInternet vIdeos.$2lcgft$5FMFIU
=700  1\$aCorry, John.$4pro
=700  1\$aKirk, Robert$c(Producer)$4pro
=700  1\$aLihani, Rob.$4pro
=700  1\$aRatner, Bill.$4nrt
=700  1\$aWeiss, Wayne.$4pro
=710  2\$aHistory Channel (Television network)$4asg
=776  1\$cOriginal publisher catalog number$o12206
=856  40$yUCF: Click here for ONLINE ACCESS$3Death of the Reich$uhttps://login.ezproxy.net.ucf.edu/login?url=http://www.aspresolver.com/aspresolver.asp?WHIV;1775024$zWorld History in Video$5FOFT
=856  40$yUCF: Click here for ONLINE ACCESS$3Justice at Nuremberg$uhttps://login.ezproxy.net.ucf.edu/login?url=http://www.aspresolver.com/aspresolver.asp?WHIV;1775025$zWorld History in Video$5FOFT
=856  40$yUCF: Click here for ONLINE ACCESS$3Spoils of war$uhttps://login.ezproxy.net.ucf.edu/login?url=http://www.aspresolver.com/aspresolver.asp?WHIV;1775010$zWorld History in Video$5FOFT
=856  40$3Death of the Reich$uhttp://ezproxy.fiu.edu/login?url=http://www.aspresolver.com/aspresolver.asp?WHIV;1775024$yFIU users: view content here$5FMFIU
=856  40$3Justice at Nuremberg$uhttp://ezproxy.fiu.edu/login?url=http://www.aspresolver.com/aspresolver.asp?WHIV;1775025$yFIU users: view content here$5FMFIU
=856  40$3Spoils of war$uhttp://ezproxy.fiu.edu/login?url=http://www.aspresolver.com/aspresolver.asp?WHIV;1775010$yFIU users: view content here$5FMFIU
=856  40$yUCF: Click here for ONLINE ACCESS$uhttp://library.ucf.edu/Web/purl.asp?pid=1432$zWorld History in Video Home Page$5FOFT
=856  40$3Death of the Reich$uhttp://ezproxy.fau.edu/login?url=http://www.aspresolver.com/aspresolver.asp?WHIV;1775024$yFAU: Off-campus access limited to current FAU students & employees$5FBoU
=856  40$3Justice at Nuremberg$uhttp://ezproxy.fau.edu/login?url=http://www.aspresolver.com/aspresolver.asp?WHIV;1775025$yFAU: Off-campus access limited to current FAU students & employees$5FBoU
=856  40$3Spoils of war$uhttp://ezproxy.fau.edu/login?url=http://www.aspresolver.com/aspresolver.asp?WHIV;1775010$yFAU: Off-campus access limited to current FAU students & employees$5FBoU
=856  40$uhttp://ezproxy.fgcu.edu/login?url=http://www.aspresolver.com/aspresolver.asp?WHIV;1775024$yConnect now$zFGCU: Off-campus access limited to current FGCU students & employees$5FFmFGC
=856  40$uhttp://ezproxy.fgcu.edu/login?url=http://www.aspresolver.com/aspresolver.asp?WHIV;1775025$yConnect now$zFGCU: Off-campus access limited to current FGCU students & employees$5FFmFGC
=856  40$uhttp://ezproxy.fgcu.edu/login?url=http://www.aspresolver.com/aspresolver.asp?WHIV;1775010$yConnect now$zFGCU: Off-campus access limited to current FGCU students & employees$5FFmFGC
=945  \\$aThe Whole World

