=LDR  03363cgm a2200553Ma 4500
=001  031800713
=005  20150309124051.0
=006  m|||||o||c||||||||
=007  cr||n|\\\||a|a
=007  vz||zazu|
=008  040311s2002\\\\nyu100\e\\\\\\o\\\vlspa\d
=035  \\$a(VaAlASP)ASP1824658/feat
=040  \\$aJSE$beng$cJSE$dOCLCQ$dJZ6$dVaAlASP
=041  1\$aspa$jeng
=043  \\$ae-sp---$an-us-ny
=090  \\$aPN1997.A1$b.N485
=245  00$aCarol's journey$h[electronic resource] /$cFilm Movement in association with Sogepaq presents a Sogecine-AIETE/Ariane Films Spain-Take 2000 Portugal production ; with the participation of TVE-Canal +-Spain-ICAA Spain + MC/ICAM Portugal ; screenplay, Ángel García Roldán & Imano Uribe ; directed by Imanol Uribe.
=260  \\$a[New York, NY] :$bFilm Movement,$c2002.
=300  \\$a1 online resource (100 min.).
=490  0\$aFilm Movement series
=490  0\$aNew world cinema: independent features & shorts, 1990-present
=500  \\$a"February 2004 selection"--Original disc label.
=520  \\$aCarol, a 12-year-old Spanish-American girl from New York, travels with her mother to Spain in the spring of 1938, at the height of the Spanish Civil War. Separated from her beloved father, she arrives in her mother's home village and transforms the secretive family environment. Her innocence and rebellious nature drive her at first to reject a world that is both new and foreign. But she soon journeys into adulthood through a friendship with the village teacher and a young local boy.
=530  \\$aPreviously released as DVD.
=533  \\$aElectronic reproduction.$bAlexandria, VA :$cAlexander Street Press,$d2012.$f(New world cinema: independent features & shorts, 1990-present).$nAvailable via World Wide Web.
=546  \\$aThis edition in Spanish with English subtitles.
=590  \\$a(OCoLC)823747864
=650  \0$aYoung women$zNew York (State)$zNew York$vDrama$vVideorecordings.
=650  \0$aYoung women$zSpain$vDrama$vVideorecordings.
=651  \0$aSpain$xSocial life and customs$y20th century$vDrama$vVideorecordings.
=655  \7$aFiction films.$2lcgft
=700  1\$aBallesta, Juan José,$d1987-$4act
=700  1\$aBarranco, María,$d1961-$4act
=700  1\$aGómez, Carmelo.$4act
=700  1\$aHerron, Craig P.
=700  1\$aLago, Clara,$d1990-$4act
=700  1\$aLuna, Alvaro de.$4act
=700  1\$aSardá, Rosa María.$4act
=700  1\$aUribe, Imanol,$d1950-$4aus$4drt
=710  2\$aFilm Movement (Firm)
=776  1\$cOriginal publisher catalog number$oDV014
=776  1\$cOriginal$w(OCoLC)760064969
=776  1\$cOriginal$z1402589891
=776  1\$cOriginal$z9781402589898
=856  40$yUCF: Click here for ONLINE ACCESS$uhttps://login.ezproxy.net.ucf.edu/login?url=http://www.aspresolver.com/aspresolver.asp?FEAT;1824658$zNew World Cinema$5FOFT
=856  40$yUCF: Click here for ONLINE ACCESS$uhttp://library.ucf.edu/Web/purl.asp?pid=1433$zNew World Cinema Home Page$5FOFT
=856  40$uhttp://ezproxy.fau.edu/login?url=http://www.aspresolver.com/aspresolver.asp?FLMS;1824658$yFAU: Off-campus access limited to current FAU students & employees$5FBoU
=856  40$uhttp://ezproxy.fgcu.edu/login?url=http://www.aspresolver.com/aspresolver.asp?FLMS;1824658$yConnect now$zFGCU: Off-campus access limited to current FGCU students & employees$5FFmFGC
=945  \\$aNorth America

