=LDR  02578cam a2200541Ka 4500
=001  031819350
=005  20140215160147.0
=006  m\\\\\o\\d\\\\\\\\
=007  cr\cnu\\\unuuu
=008  130702s2013\\\\gw\\\\\\o\\\\\101\0\eng\d
=020  \\$a9783642396434 (electronic bk.)
=020  \\$a3642396437 (electronic bk.)
=020  \\$z9783642396427
=035  \\$a(OCoLC)851443365
=040  \\$aGW5XE$cGW5XE$dYDXCP
=049  \\$aFHMM
=050  \4$aQA75.5$b.I23 2013
=082  04$a004$223
=096  \\$aQA 75.5
=111  2\$aICCSA (Conference)$n(13th :$d2013 :$cHo Chi Minh City, Vietnam)
=245  10$aComputational science and its applications-- ICCSA 2013$h[electronic resource] :$b13th International Conference, Ho Chi Minh City, Vietnam, June 24-27, 2013, Proceedings.$nPart II /$cBeniamino Murgante...[et al.] (eds.).
=246  3\$aICCSA 2013
=260  \\$aBerlin ;$aNew York :$bSpringer,$cc2013.
=300  \\$a1 online resource.
=490  1\$aLecture notes in computer science,$x0302-9743 ;$v7972
=490  1\$aLNCS sublibrary. SL 1, Theoretical computer science and general issues
=500  \\$aInternational conference proceedings.
=500  \\$aIncludes author index.
=588  \\$aDescription based on online resource; title from PDF title page (SpringerLink, viewed July 2, 2013).
=653  \4$aComputer science.
=653  \4$aComputer Communication Networks.
=653  \4$aSoftware engineering.
=653  \4$aComputer software.
=653  \4$aData mining.
=653  \4$aComputer simulation.
=653  \4$aAlgorithm Analysis and Problem Complexity.
=653  \4$aInformation Systems Applications (incl. Internet).
=655  \4$aElectronic books.
=650  \2$aComputer Communication Networks$vCongresses.
=650  \2$aSoftware$vCongresses.
=650  \0$aComputer science$vCongresses.
=700  1\$aMurgante, Beniamino.
=830  \0$aLecture notes in computer science ;$v7972.
=830  \0$aLNCS sublibrary.$nSL 1,$pTheoretical computer science and general issues.
=856  40$3SpringerLink$uhttp://ezproxy.lib.usf.edu/login?url=http://dx.doi.org/10.1007/978-3-642-39643-4$yUSF ONLINE ACCESS$5FTS
=856  40$yUCF: Click here for ONLINE ACCESS$uhttps://login.ezproxy.net.ucf.edu/login?url=http://dx.doi.org/10.1007/978-3-642-39643-4$zSpringerLink$5FOFT
=856  40$3SpringerLink$uhttp://ezproxy.fiu.edu/login?url=http://dx.doi.org/10.1007/978-3-642-39643-4$yFIU users: view content here$5FMFIU
=856  40$3SpringerLink$uhttp://dx.doi.org/10.1007/978-3-642-39643-4$yUF: Off-campus access limited to current UF students & employees$5FU

