=LDR  02696nam a2200541Ka 4500
=001  031839227
=005  20140215160424.0
=006  m\\\\\o\\d\\\\\\\\
=007  cr\cnu\\\unuuu
=008  130716s2013\\\\gw\\\\\\o\\\\\101\0\eng\d
=020  \\$a9783642391378 (electronic bk.)
=020  \\$a3642391370 (electronic bk.)
=020  \\$z9783642391361
=035  \\$a(OCoLC)852839898
=040  \\$aGW5XE$cGW5XE
=049  \\$aFHMM
=050  \4$aQA76.9.H85$bI58 2013
=082  04$a004.01/9$223
=096  \\$aQA 76.9.H85
=111  2\$aInternational Conference on Cross-Cultural Design$n(5th :$d2013 :$cLas Vegas, Nev.)
=245  10$aCross-cultural design$h[electronic resource] :$bcultural differences in everyday life : 5th International Conference, CCD 2013, held as part of HCI International 2013, Las Vegas, NV, USA, July 21-26, 2013, Proceedings.$nPart II /$cP. L. Patrick Rau (ed.).
=246  3\$aCCD 2013
=260  \\$aBerlin ;$aNew York :$bSpringer,$cc2013.
=300  \\$a1 online resource.
=490  1\$aLecture notes in computer science,$x0302-9743 ;$v8024
=490  1\$aLNCS sublibrary. SL 3, Information systems and application, incl. Internet/Web and HCI
=500  \\$aInternational conference proceedings.
=500  \\$aIncludes author index.
=588  \\$aDescription based on online resource; title from PDF title page (SpringerLink, viewed July 16, 2013).
=653  \4$aComputer science.
=653  \4$aMedical records -- Data processing.
=653  \4$aInformation storage and retrieval systems.
=653  \4$aUser Interfaces and Human Computer Interaction.
=653  \4$aComputers and Society.
=653  \4$aHealth Informatics.
=653  \4$aInformation Systems Applications (incl. Internet).
=655  \4$aElectronic books.
=650  \2$aUser-Computer Interface$vCongresses.
=650  \2$aCross-Cultural Comparison$vCongresses.
=650  \0$aHuman-computer interaction$vCongresses.
=650  \0$aUser-centered system design$vCongresses.
=700  1\$aRau, P. L. Patrick.
=711  2\$aInternational Conference on Human-Computer Interaction$n(15th :$d2013 :$cLas Vegas, Nev.)
=830  \0$aLecture notes in computer science ;$v8024.
=830  \0$aLNCS sublibrary.$nSL 3,$pInformation systems and applications, incl. Internet/Web, and HCI.
=856  40$3SpringerLink$uhttp://ezproxy.lib.usf.edu/login?url=http://dx.doi.org/10.1007/978-3-642-39137-8$yUSF ONLINE ACCESS$5FTS
=856  40$3SpringerLink$uhttp://ezproxy.fiu.edu/login?url=http://dx.doi.org/10.1007/978-3-642-39137-8$yFIU users: view content here$5FMFIU
=856  40$3SpringerLink$uhttp://dx.doi.org/10.1007/978-3-642-39137-8$yUF: Off-campus access limited to current UF students & employees$5FU

