=LDR  03326cjm a22006613a 4500
=001  031851036
=005  20130826134554.0
=006  m|||||o||h||||||||
=007  cr||na\\\||a|a
=007  sz\z|nnnnnzned
=008  130321s2007\\\\xx\||nn|oe\\\\\\\\n\lat\d
=035  \\$a(VaAlASP)ASP737047/clmu
=040  \\$aWRS$cWRS$dVaAlASP
=041  0\$dlat$geng
=043  \\$ae-au---
=090  \\$aM1$b.C56373
=100  1\$aMozart, Wolfgang Amadeus,$d1756-1791.
=240  10$aChoral music.$kSelections
=245  14$aThe Salzburg Mozart$h[electronic resource] :$bMozart's Salzburg choral masterpieces.
=246  30$aMozart's Salzburg choral masterpieces
=260  \\$a[S.l.] :$bLyrichord,$c2007.
=300  \\$a1 online resource.
=490  0\$aClassical music library
=490  1\$aLyrichord early music series
=500  \\$aPrincipally for mixed chorus with orchestra; the 3rd work unacc.
=500  \\$aProgram notes by Johannes Somary ([4] p. : ill.) linked to from resource.
=505  0\$aRegina Coeli : K. 276 -- Coronation Mass : K. 317 -- Ave Maria : K. 555 [i.e., K. 554] -- Litaniae Lauretanaem : K. 109 -- Missa brevis : K. 220 -- Ave verum corpus : K. 618.
=511  0\$aCynthia Richards Wallace, soprano ; Megan Friar, alto ; Michael Steinberger, tenor ; Richard Holmes, baritone ; AmorArtis Chorus ; Musica Antiqua Sankt Petersburg ; Johannes Somary, conductor.
=518  \\$aRecorded in 1999.
=533  \\$aElectronic reproduction.$bAlexandria, VA :$cAlexander Street Press,$d2012.$f(Classical music library).$nAvailable via World Wide Web.
=546  \\$aSung in Latin.
=590  \\$a(CaEvSKY)sky255641876
=590  \\$a(OCoLC)840104612
=650  \0$aChoruses, Sacred (Mixed voices) with orchestra.
=650  \0$aChoruses, Sacred (Mixed voices), Unaccompanied.
=650  \0$aVocal music$zAustria$zSalzburg.
=655  \7$aSound recordings.$2lcgft
=700  1\$aFriar, Megan.$4voc
=700  1\$aHolmes, Richard$c(Singer)$4voc
=700  1\$aSomary, Johannes.$4cnd
=700  1\$aSteinberger, Michael.$4voc
=700  1\$aWallace, Cynthia Richards.$4voc
=700  12$aMozart, Wolfgang Amadeus,$d1756-1791.$tAve Maria,$nK. 554,$rF major.
=700  12$aMozart, Wolfgang Amadeus,$d1756-1791.$tAve verum corpus.
=700  12$aMozart, Wolfgang Amadeus,$d1756-1791.$tLitaniae Lauretanae BVM,$nK. 109.
=700  12$aMozart, Wolfgang Amadeus,$d1756-1791.$tMasses,$nK. 317,$rC major.
=700  12$aMozart, Wolfgang Amadeus,$d1756-1791.$tMissa brevis,$nK. 220.
=700  12$aMozart, Wolfgang Amadeus,$d1756-1791.$tRegina Coeli,$nK. 276,$rC major.
=710  2\$aAmor Artis Chorale.$4prf
=710  2\$aMusica Antiqua Sankt Petersburg.$4prf
=776  1\$cOriginal publisher catalog number$oLEMS 8059
=776  1\$cOriginal publisher UPC$o744457805923
=830  \0$aLyrichord early music series.
=856  40$yUCF: Click here for ONLINE ACCESS$uhttps://login.ezproxy.net.ucf.edu/login?url=http://www.aspresolver.com/aspresolver.asp?CLMU;737047$zClassical Music Library$5FOFT
=856  42$yUCF: Click here for ONLINE ACCESS$uhttp://library.ucf.edu/Web/purl.asp?pid=290$zClassical Music Library Home Page$5FOFT
=856  40$zStreaming audio available:$uhttp://ezproxy.fau.edu/login?url=http://www.aspresolver.com/aspresolver.asp?CLMU;737047$5FBoU
=945  \\$aThe Whole World
=945  \\$bJapan

