=LDR  01766nam a2200385 a 4500
=005  20120710113719.0
=006  m\\\\\\\\d\f\\\\\\
=007  cr\bn|||||||||
=008  120710s1978\\\\mdua\\\\ob\\\f000\0\eng\c
=027  \\$aCAS no. 121-14-2
=035  \\$a(OCoLC)798674470
=040  \\$aGPO$cGPO$dGPO$dMvI
=042  \\$apcc
=049  \\$aFGAFG
=074  \\$a0507-G-12 (online)
=086  0\$aHE 20.3159/2:54
=088  \\$aNCI-CG-TR-54
=099  \\$aHE 20.3159/2:54
=245  00$aBioassay of 2,4-dinitrotoluene for possible carcinogenicity$h[electronic resource] /$cCarcinogenesis Testing Program, Division of Cancer Cause and Prevention, National Cancer Institute, National Institutes of Health.
=260  \\$aBethesda, Md. :$bU.S. Dept. of Health, Education, and Welfare, Public Health Service, National Institutes of Health,$c1978.
=300  \\$a1 online resource ([116] p.) :$bill.
=490  1\$aCarcinogenesis technical report series ;$vno. 54
=490  1\$aDHEW publication ;$vno. (NIH) 78-1360
=504  \\$aIncludes bibliographical references (p. 45-46).
=500  \\$a"CAS no. 121-14-2."
=500  \\$a"NCI-CG-TR-54."
=650  \0$aCarcinogens.
=650  \0$aDyes and dyeing$xToxicology.
=710  2\$aNational Cancer Institute (U.S.).$bDivision of Cancer Cause and Prevention.
=710  2\$aCarcinogenesis Testing Program (U.S.)
=710  2\$aNational Institutes of Health (U.S.)
=776  08$iPrint version:$aNational Cancer Institute (U.S.). Division of Cancer Cause and Prevention.$tBioassay of 2,4-dinitrotoluene for possible carcinogenicity$w(OCoLC)3910213
=830  \0$aDHEW publication$vno. (NIH) 78-1360.
=830  \0$aNational Cancer Institute carcinogenesis technical report series ;$vno. 54.
=856  40$uhttp://purl.fdlp.gov/GPO/gpo24980

