=LDR  01083cam a2200241Ka 4500
=001  031911753
=005  20130925104241.0
=008  011215r19691965ncua\\\\\\\\\f000\0\eng\d
=035  \\$a(OCoLC)48619528
=040  \\$aYUS$cYUS$dWAU$dFUG
=049  \\$aFUGG
=086  0\$aFS 2.300:AP-11/969
=090  \\$aTD890$b.U53
=110  1\$aUnited States.$bDivision of Air Pollution.$bInterbranch Chemical Advisory Committee.
=245  10$aSelected methods for the measurement of air pollutants.
=260  \\$aDurham, N.C. :$bU.S. Dept. of Health, Education, and Welfare, Public Health Service, Consumer Protection and Environmental Health Service, National Air Pollution Control Administration,$c1969.
=300  \\$a1 v. (various pagings) :$bill. ;$c24 cm.
=490  1\$aEnvironmental health series. Air pollution
=490  1\$aPublic Health Service publication ;$vno. 999-AP-11
=500  \\$a"Second printing, September 1969"--T.p. verso.
=650  \0$aAir$xPollution$xMeasurement.
=830  \0$aEnvironmental health series.$pAir pollution.
=830  \0$aPublic Health Service publication ;$vno. 999-AP-11.

