=LDR  01536nam a2200361 a 4500
=005  20121114103558.0
=006  m\\\\\o\\d\f\\\\\\
=007  cr\bn|||||||||
=008  121114s1978\\\\mdu\\\\\obs\\f000\0\eng\c
=035  \\$a(OCoLC)817935788
=040  \\$aGPO$cGPO$dMvI
=042  \\$apcc
=043  \\$an-us---
=049  \\$aFABDE
=074  \\$a0500-E (online)
=086  0\$aHE 20.6209/3:18
=099  \\$aHE 20.6209/3:18
=100  1\$aRies, Peter W.
=245  10$aEpisodes of persons injured, United States, 1975$h[electronic resource] /$c[prepared by Peter W. Ries].
=260  \\$a[Hyattsville, Md.] :$bU.S. Dept. of Health, Education, and Welfare, Public Health Service,$c[1978]
=300  \\$a1 online resource (12 p.).
=490  1\$aAdvancedata from vital & health statistics of the National Center for Health Statistics ;$vno. 18
=490  1\$aDHEW publication ;$vno. (PHS) 78-1250
=500  \\$aTitle from PDF title screen (viewed Nov. 13, 2012).
=500  \\$a"March 7, 1978."
=504  \\$aIncludes bibliographical references.
=650  \0$aWounds and injuries$zUnited States$vStatistics.
=650  \0$aAccidents$zUnited States$vStatistics.
=710  2\$aNational Center for Health Statistics (U.S.)
=776  08$iPrint version:$aRies, Peter W.$tEpisodes of persons injured, United States, 1975$w(OCoLC)36902030
=830  \0$aDHEW publication$vno. (PHS) 78-1250.
=856  40$uhttp://purl.fdlp.gov/GPO/gpo31162
=830  \0$aAdvance data from vital and health statistics of the National Center for Health Statistics ;$vno. 18.

