=LDR  01271nam a2200361 i 4500
=005  20130502133923.0
=006  m\\\\\o\\d\f\\\\\\
=007  cr\mn|||||||||
=008  130502s2009\\\\mdua\\\\o\\\\f000\0\eng\c
=035  \\$a(OCoLC)841488629
=040  \\$aGPO$beng$erda$cGPO$dMvI
=042  \\$apcc
=043  \\$an-us---
=049  \\$aFABDE
=074  \\$a1062-C-15 (online)
=086  0\$aY 3.C 76/3:11-3 ST 8/6
=099  \\$aY 3.C 76/3:11-3 ST 8/6
=245  00$aStrings, cords and necklaces can strangle infants /$cU.S. Consumer Product Safety Commission.
=264  \1$a[Rockville, Md.] :$bU.S. Consumer Product Safety Commission,$c[2009?]
=300  \\$a1 online resource ([1] page) :$billustrations.
=336  \\$atext$2rdacontent
=337  \\$acomputer$2rdamedia
=338  \\$aonline resource$2rdacarrier
=490  1\$aPublication ;$v5095
=490  1\$aCPSC safety alert
=500  \\$aTitle from title screen (viewed on May 2, 2013).
=500  \\$a"Publication 5095 009611 042012."
=650  \0$aStrangling$xSafety measures.
=650  \0$aInfants$xProtection.
=710  2\$aU.S. Consumer Product Safety Commission,$eissuing body.
=830  \0$aCPSC publication ;$vno. 5095.
=856  40$uhttp://purl.fdlp.gov/GPO/gpo36465
=830  \0$aConsumer product safety alert.

