=LDR  02291nas a2200445 a 4500
=001  031984284
=005  20131014144735.0
=006  m\\\\|\\\d\|\\\\\\
=007  cr||n||||||||n
=008  850208d18831894enkwr\nes\\\\\0\\\\0eng\d
=035  \\$a(MiFhGG)galukp000141
=040  \\$aGale$cUtOrBLW
=043  \\$au-at-qn
=245  00$aQueensland punch$h[electronic resource].
=246  33$aQueensland figaro and punch
=246  33$aQueensland figaro
=260  \\$aLondon :$bNewspaper Library, British Library,$c1883-1894.
=300  \\$av. :$bill. ;$c30 cm.
=310  \\$aWeekly
=362  0\$aMay 1883-Oct. 1894.
=490  1\$a19th century UK periodicals
=490  1\$aNineteenth century UK periodicals
=500  \\$aReproduction of the original from the British Library (London) and the National Library of Australia.
=500  \\$aMerged with: Queensland flashes; and, Bohemian, to become: Queensland punch and figaro (1894).
=590  \\$aImages from the source libraries are selected or scattered issues as well as various editions of the cataloged title and related titles (where indicated in the MARC record) as representative of the general publishing history of the title during the nineteenth century.
=533  \\$aElectronic reproduction.$bFarmington Hills, Mich. :$cGale,$d2009.$nAvailable via the World Wide Web.$nAccess limited by licensing agreements.$7s2009 miunns
=650  \0$aAustralian newspapers$zAustralia$zBrisbane (Qld.)
=651  \0$aBrisbane (Qld.)$vNewspapers.
=710  2\$aBritish Library.$bNewspaper Library.
=776  0\$tQueensland punch$w(OCoLC)215441307
=776  0\$tQueensland figaro and punch$w(OCoLC)221571572
=776  0\$tQueensland figaro$w(OCoLC)215446071
=780  00$tQueensland punch and figaro
=785  17$aBohemian.
=785  17$aQueensland flashes.
=785  17$tQueensland punch and figaro (1894)
=785  00$tQueensland figaro and punch
=785  00$tQueensland figaro
=830  \0$a19th century UK periodicals$h[electronic resource].
=856  40$uhttp://ezproxy.lib.usf.edu/login?url=http://find.galegroup.com/ukpc/infomark.do?serQuery=Locale%28en%2C%2C%29%3AFQE%3D%28JX%2CNone%2C18%29%22Queensland+Punch%22%24&queryType=PH&type=pubIssues&prodId=NCUK&version=1.0&source=library&userGroupName=tamp44898$yUSF ONLINE ACCESS$5FTS

