=LDR  01555cam a2200325I  4500
=001  031994238
=005  20131028095752.0
=008  010406s1919\\\\dcu\\\\\\\\\\f000\0\eng\c
=010  \\$ae 19000190
=035  \\$a(OCoLC)46677536
=040  \\$aLibray, U.S. Bur. of Education$beng$cIXA$dIUL$dOCLCQ$dOCLCO$dFUG
=049  \\$aFUGG
=086  0\$aVE 1.6:32
=110  1\$aUnited States.$bFederal Board for Vocational Education.
=245  10$aOpportunities for employment in the jewelry trade;$bdesigning, modeling, engraving, stone cutting, melting and rolling, pressing and stamping, die making /$cPrepared by the Federal Board for Vocational Education and issued in cooperation with the Office of the Surgeon General, War Department, and Bureau of Medicine and Surgery, Navy Department. March, 1919.
=260  \\$aWashington,$bGovt. Print. Off.,$c1919.
=300  \\$a8 pages$c23 cm.
=336  \\$atext$btxt$2rdacontent
=337  \\$aunmediated$bn$2rdamedia
=338  \\$avolume$bnc$2rdacarrier
=490  1\$aOpportunity monograph
=490  1\$aVocational rehabilitation series,$vno. 32
=500  \\$aAt head of title: For disabled soldiers, sailors, and marines. To aid them in choosing a vocation.
=500  \\$aPrepared by Miss Eleanor Adler.--p. 2.
=650  \0$aJewelry trade$xStudy and teaching.
=700  1\$aAdler, Eleanor.
=710  1\$aUnited States.$bSurgeon-General's Office
=710  1\$aUnited States.$bNavy Department.$bBureau of Medicine and Surgery
=830  \0$aOpportunity monograph.
=830  \0$aVocational rehabilitation series ;$vno. 32.

