=LDR  03611cam a2200613Ii 4500
=001  032004810
=005  20150204124822.0
=006  m\\\\\o\\d\f\\\\\\
=007  cr\bn||||||abp
=007  cr\bn||||||ada
=008  100402s1976\\\\dcuab\\\ob\\\f001\0\eng\d
=035  \\$a(OCoLC)596520982
=037  \\$a63-285$bLLMC
=040  \\$aOCLCE$beng$erda$epn$cOCLCE$dOCLCQ$dLLMC2
=042  \\$adlr
=043  \\$af-ua---
=049  \\$aELEC
=050  \4$aDT46$b.N9 1976
=060  \4$aDT 107.83$bN997a 1976
=082  04$a962/.05
=084  \\$a74.23$2bcl
=100  1\$aNyrop, Richard F.
=245  10$aArea handbook for Egypt /$cco-authors, Richard F. Nyrop, Beryl Lieff Benderly, William W. Cover, Darrel R. Eglin, Robert A. Kirchner.
=250  \\$a3rd edition.
=264  \1$aWashington :$b[publisher not identified],$c1976.
=264  \3$a[Washington] :$bFor sale by the Superintendent of Documents, U.S. Government Printing Office
=300  \\$a1 online resource (xviii, 454 pages) :$billustrations, maps
=336  \\$atext$btxt$2rdacontent
=337  \\$acomputer$bc$2rdamedia
=338  \\$aonline resource$bcr$2rdacarrier
=490  1\$aDA Pam ;$v550-43
=490  0\$aLaw Library Microform Consortium - Digital$5FTaFA
=500  \\$a"Research completed October 1975."
=500  \\$a"This handbook supersedes DA Pam 550-43, 1970."
=500  \\$a"Second ed. by H.H. Smith, and others, published in 1970 under title: Area handbook for the United Arab Republic (Egypt)."--Title page verso.
=500  \\$a"This volume is one of a series of handbooks prepared by Foreign Area Studies (FAS) of the American University"--Page iii.
=504  \\$aIncludes bibliographical references (pages 401-433) and index.
=506  \\$3Use copy$fRestrictions unspecified$2star$5MiAaHDL
=533  \\$aElectronic reproduction.$b[Place of reproduction not identified] :$cHathiTrust Digital Library,$d2010.$5MiAaHDL
=538  \\$aMaster and use copy. Digital master created according to Benchmark for Faithful Digital Reproductions of Monographs and Serials, Version 1. Digital Library Federation, December 2002.$uhttp://purl.oclc.org/DLF/benchrepro0212$5MiAaHDL
=583  1\$adigitized$c2010$hHathiTrust Digital Library$lcommitted to preserve$2pda$5MiAaHDL
=588  \\$aDescription based on print version record.
=599  \\$aFCLDEC$bCAT 20
=651  \0$aEgypt.
=651  \6$aÉgypte.
=710  2\$aAmerican University (Washington, D.C.).$bForeign Area Studies.
=776  08$iPrint version:$aNyrop, Richard F.$tArea handbook for Egypt.$b3d ed.$dWashington : For sale by the Supt. of Docs., U.S. Govt. Print. Off., 1976$w(DLC) 76006528$w(OCoLC)2089566
=787  0\$aSmith, Harvey Henry,$d1892-$tArea handbook for the United Arab Republic (Egypt)
=830  \0$aDA pam ;$v550-43.
=856  40$3HathiTrust Digital Library Full view$uhttp://catalog.hathitrust.org/api/volumes/oclc/2089566.html$zAccess limited to FAMU College of Law faculty, staff and students.$5FTaFA$5FTaFA
=856  40$uhttp://famuproxy.fcla.edu/login?url=http://www.llmcdigital.org/default.aspx?redir=63285$zAccess limited to FAMU College of Law faculty, staff and students.$5FTaFA$5FTaFA
=856  40$uhttp://www.llmcdigital.org/default.aspx?redir=63285$yUF: Off-campus access limited to current UF students & employees$5FU
=856  40$uhttps://proxy.lib.fsu.edu/login?url=http://www.llmcdigital.org/default.aspx?redir=63285$yFSU: Off-campus access limited to current FSU students & employees$5FTaSU
=856  40$uhttp://ezproxy.fiu.edu/login?url=http://www.llmcdigital.org/default.aspx?redir=63285$yFIU users: view content here$5FMFIU

