=LDR  03205nam a2200541 ia45c0
=005  20140818124500.0
=006  m\\\\f\\\d\\\\\\\\
=007  cr\bn\nnnauuuu
=008  130721s1917\\\\ohu\\\\\o\\\\\001\0\eng\d
=035  \\$accn00402899
=040  \\$erda
=043  \\$an-us---
=049  \\$aFSU-L
=049  \\$aUF-L
=049  \\$aFAMU-L
=049  \\$aFIU-L
=050  \4$aKF6775$b.H37 1917
=100  1\$aHarris, W. H.$q(William Henry),$d1845-1937,$eauthor.
=245  14$aThe law governing the issuing, transfer, and collection of municipal bonds /$cby W.H. Harris.
=250  \\$aSecond edition.
=264  \1$aCincinnati :$bW.H. Anderson Company,$c1917.
=264  \2$a[Getzville, NY] :$bWilliam S. Hein & Company,$c[2013]
=300  \\$a1 online resource (xxii, 448 variously numbered pages)
=336  \\$atext$2rdacontent
=337  \\$acomputer$2rdamedia
=338  \\$aonline resource$2rdacarrier
=490  1\$aHeinOnline legal classics library
=490  1\$aHeinOnline taxation & economic reform in America
=588  \\$aDescription based on PDF title page, viewed July 21, 2013.
=500  \\$aTable of cases: pages ix-xxii.
=500  \\$aIncludes index.
=650  10$aMunicipal bonds$zUnited States.
=655  \0$aElectronic books.
=776  08$cOriginal$w(DLC) 17005996
=830  \0$aLegal classics library.
=830  \0$aTaxation & economic reform in America.
=852  8\$aFTaSU-L$bFSLAW$cELEC
=852  \\$aFU-L$bUFER$cLAW
=852  8\$aFlOrFAM$bAMLAW$cLAEL$hOnline
=852  0\$aFlMiFIUC$bFILAW$cELR$hKF6775
=856  40$uhttps://login.proxy.lib.fsu.edu/login?url=http://www.heinonline.org/HOL/Page?handle=hein.beal/lwgoissuc0001&id=1&size=2&collection=beal&index=beal$3HeinOnline Legal Classics Library$yFSU: Off-campus access limited to current FSU students & employees$5FTaSU
=856  40$uhttps://login.proxy.lib.fsu.edu/login?url=http://www.heinonline.org/HOL/Page?handle=hein.beal/lwgoissuc0001&id=1&collection=tera&index=tera$3HeinOnline Taxation & Economic Reform in America$yFSU: Off-campus access limited to current FSU students & employees$5FTaSU
=856  40$uhttp://www.heinonline.org/HOL/Page?handle=hein.beal/lwgoissuc0001&id=1&size=2&collection=beal&index=beal$3HeinOnline Legal Classics Library$yUF: Off-campus access limited to current UF students & employees$5FU
=856  40$uhttp://www.heinonline.org/HOL/Page?handle=hein.beal/lwgoissuc0001&id=1&collection=tera&index=tera$3HeinOnline Taxation & Economic Reform in America$yUF: Off-campus access limited to current UF students & employees$5FU
=856  40$uhttp://ezproxy.amu.edu/login?url=http://www.heinonline.org/HOL/Page?handle=hein.beal/lwgoissuc0001&id=1&size=2&collection=beal&index=beal$3HeinOnline Legal Classics Library$yFAMU: Off-campus access limited to current FSU students & employees$5FTaFA
=856  40$uhttp://ezproxy.fiu.edu/login?url=http://www.heinonline.org/HOL/Page?handle=hein.beal/lwgoissuc0001&id=1&size=2&collection=beal&index=beal$3HeinOnline Legal Classics Library$yFIU users: view content here$5FMFIU
=949  \\$aKF 6775 .H37 1917$wLC$c1$i402899-2001$d8/4/2013$lMAIN$mHEN$q2$rY$sY$tWEB$u7/28/2013$xENG$zN-US
=997  \\$a(c)2013 Cassidy Cataloguing Services, Inc.

