=LDR  01930cjm a2200457Ma 4500
=001  032041858
=005  20131223133112.0
=006  m\\\\\o\\h\\\\\\\\
=007  cr\|na\\\||a|a
=007  sz\z|nnnnnzned
=008  130321s2006\\\\xx\synn\ofi\\\\\\\n\zxx\d
=033  00$a2006----$b6299$cS7
=035  \\$a(OCoLC)841414931
=040  \\$aALSTP$cALSTP$dCOO$dOCLCO
=049  \\$aFHME
=100  1\$aMozart, Wolfgang Amadeus,$d1756-1791.
=240  10$aSymphonies.$kSelections
=245  10$aEssential symphonies.$nVol. II$h[electronic resource] :$bNos. 12, 29, 39 /$cMozart.
=260  \\$a[S.l.] :$bHänssler Classic,$c2006.
=300  \\$a1 online resource.
=490  0\$aClassical music library
=490  0\$aSWR music
=500  \\$aProgram notes in English and German (11 p. : ill.) linked to from resource.
=505  00$tSymphony no. 12, K. 110$g(16:48) --$tSymphony no. 29, K. 201$g(21:07) --$tSymphony no. 39, K. 543$g(30:40).
=511  0\$aRadio-Sinfonieorchester Stuttgart des SWR ; Roger Norrington, conductor.
=518  \\$aRecorded in 2006.
=650  \0$aOrchestral music.
=650  \0$aSymphonies.
=657  \7$aLive sound recordings.$2lcgft
=655  \7$aSound recordings.$2lcgft
=655  \7$aOnline audio.$2local$5FTS
=700  1\$aNorrington, Roger.$4cnd
=700  12$aMozart, Wolfgang Amadeus,$d1756-1791.$tSymphonies,$nK. 110,$rG major.
=700  12$aMozart, Wolfgang Amadeus,$d1756-1791.$tSymphonies,$nK. 201,$rA major.
=700  12$aMozart, Wolfgang Amadeus,$d1756-1791.$tSymphonies,$nK. 543,$rE♭ major.
=710  2\$aSWR Radio-Sinfonieorchester Stuttgart.$4prf
=776  1\$cOriginal publisher catalog number$oCD 93.212
=776  1\$cOriginal$w(OCoLC)232149346
=856  40$3Alexander Street Press$uhttp://ezproxy.lib.usf.edu/login?url=http://www.aspresolver.com/aspresolver.asp?CLMU;1657161$yUSF ONLINE ACCESS$5FTS
=994  \\$a92$bFHM
=938  \\$aAlexander Street Press$bALSP$nASP1657161/clmu

