=LDR  01802cam a2200373Ia 4500
=001  032047168
=005  20131126121426.0
=006  m\\\\\o\\d\\\\\\\\
=007  cr\un|||||||||
=008  031204s1999\\\\waua\\\\ob\\\\101\0\eng\d
=035  \\$a(OCoLC)53835502
=040  \\$aSPIED$cSPIED$dOCLCQ
=049  \\$aFTUU
=050  \4$aQC665.T7$bO677 1999
=092  0\$a621.36$221
=245  00$aOptics in atmospheric propagation and adaptive systems III$h[electronic resource] :$b23-24 September, 1999, Florence, Italy /$cAnton Kohnle, John D. Gonglewski, chairs/editors ; sponsored by University of Florence, Department of Earth Science (Italy) ... [et al.] ; published by SPIE--the International Society for Optical Engineering.
=260  \\$aBellingham, Wash. :$bSPIE,$cc1999.
=300  \\$a1 online resource (vii, 236 p.) :$bill.
=490  1\$aProceedings EurOpt series
=490  1\$aSPIE proceedings series ;$vv. 3866
=504  \\$aIncludes bibliographical references and author index.
=530  \\$aAlso available in print.
=650  \0$aRadio wave propagation$xRemote sensing$vCongresses.
=650  \0$aImaging systems$vCongresses.
=650  \0$aAtmospheric turbulence$vCongresses.
=650  \0$aMeteorological optics$vCongresses.
=700  1\$aKohnle, Anton.
=700  1\$aGonglewski, John D.
=710  2\$aUniversità di Firenze.$bDipartimento di scienze della terra.
=710  2\$aSociety of Photo-optical Instrumentation Engineers.
=776  1\$cOriginal$z0819434612$w(DLC) 00711228$w(OCoLC)43208477
=830  \0$aProceedings EurOpt series.
=830  \0$aProceedings of SPIE--the International Society for Optical Engineering ;$vv. 3866.
=856  40$yUCF: Click here for ONLINE ACCESS$uhttps://login.ezproxy.net.ucf.edu/login?url=http://link.spie.org/PSISDG/3866/1$zSPIE Digital Library$5FOFT

