=LDR  03230ngm a2200589Ia 4500
=001  032063477
=005  20140731150822.0
=006  m||||||||c||||||||
=007  cr|cnannnuuuuu
=007  vz|czazuu
=008  110207s2005||||nyu028||||||||o|||vleng|d
=028  40$a820s$bFilms Media Group
=028  40$a838$bFilms Media Group
=035  \\$a(FOD)100000838
=035  \\$a100000838
=040  \\$aAzPhAEM
=245  00$aHormones$h[electronic resource] :$bmessengers /$cGoldcrest Films International.
=246  3\$aMessengers
=260  3\$aNew York, N.Y. :$bFilms Media Group,$c[2005], c1984.
=300  \\$a1 streaming video file (28 min.) :$bsd., col., digital file +$einstructional materials (online)
=490  0\$aThe Living Body
=490  1\$aFilms on Demand$5FTaSU
=599  \\$a(OCoLC)712795106
=500  \\$aEncoded with permission for digital streaming by Films Media Group on May 12, 2005.
=500  \\$aFilms on Demand is distributed by Films Media Group for Films for the Humanities & Sciences, Cambridge Educational, Meridian Education, and Shopware.
=505  0\$aHormones Control Human Growth (2:56) -- Hormones Control Breastfeeding (3:09) -- Glands Produce Hormones (3:07) -- Hormones Control Digestion (2:05) -- Fight or Flight Response (4:51) -- Effects of Adrenaline (3:37) -- Effects of Cortisol (2:05) -- Hormones Coordinate Body Processes (3:06)
=506  \\$aAccess requires authentication through Films on Demand.
=520  \\$aThe delicate interplay of hormones is responsible for all the events of reproduction. How many other body processes are controlled and coordinated by these chemical messengers becomes apparent in this program, which follows the role hormones play in response to a sudden emergency: the 'fight or flight' reaction.
=538  \\$aMode of access: Internet.
=538  \\$aSystem requirements: FOD playback platform.
=588  \\$aTitle from distributor's description.
=650  \0$aEmbryology.
=650  \0$aEmotions.
=650  \0$aGenerative organs.
=650  \0$aHuman body.
=650  \0$aGenetics.
=650  \0$aHuman reproduction.
=650  \0$aMotivation (Psychology)
=650  \0$aPsychobiology.
=650  \0$aReproduction.
=655  \0$aEducational films.
=655  \0$aInternet videos.
=655  \7$aVideorecording.$2local
=710  2\$aFilms for the Humanities & Sciences (Firm)
=710  2\$aFilms Media Group.
=710  2\$aGoldcrest Films International.
=730  0\$aLiving body (Television program)
=776  08$iOriginally produced:$dGoldcrest Films International, 1984$z9781421379142
=856  40$zPart of the Films on Demand collection.$uhttp://ezproxy.fiu.edu/login?url=http://digital.films.com/PortalPlaylists.aspx?aid=24982&xtid=838$yFIU users: view content here$5FMFIU
=856  4\$uhttp://ezproxy.fgcu.edu/login?url=http://digital.films.com/PortalPlaylists.aspx?aid=21751&xtid=838$zFGCU: Off-campus access limited to current FGCU students and employees.$yConnect Now$5FFmFGC
=856  40$uhttps://login.proxy.lib.fsu.edu/login?url=http://digital.films.com/PortalPlaylists.aspx?aid=1274&xtid=838$yFSU: Off-campus access limited to current FSU students & employees$zFOD Subscription$5FTaSU
=830  \0$aFilms on Demand$5FTaSU

