=LDR  03144ngm a2200505Ia 4500
=001  032065168
=005  20140731151604.0
=006  m||||||||c||||||||
=007  cr|cnannnuuuuu
=007  vz|czazuu
=008  110207s2006||||nyu046||||||||o|||vleng|d
=028  40$a7302s$bFilms Media Group
=028  40$a7303$bFilms Media Group
=035  \\$a(FOD)100007303
=035  \\$a100007303
=040  \\$aAzPhAEM
=245  03$aAn Introduction to philosophy$h[electronic resource] /$cBBC Worldwide Ltd.
=260  3\$aNew York, N.Y. :$bFilms Media Group,$c[2006], c1976.
=300  \\$a1 streaming video file (46 min.) :$bsd., col., digital file.
=490  1\$aContemporary Philosophy
=490  1\$aFilms on Demand$5FTaSU
=599  \\$a(OCoLC)741357726
=500  \\$aEncoded with permission for digital streaming by Films Media Group on May 28, 2006.
=500  \\$aFilms on Demand is distributed by Films Media Group for Films for the Humanities & Sciences, Cambridge Educational, Meridian Education, and Shopware.
=505  0\$aWhat is Philosophy? (2:34) -- Why do People Resist Philosophy? (2:24) -- What are Some Examples of Assumptions? (3:27) -- Example of a Moral Philosophical Question (2:45) -- Why are Philosophers Concerned With Language? (4:58) -- What Kind of Questions Can Be Answered by Philosophy? (7:21) -- What About Questions That Can't Be Answered? (7:27) -- What is the Benefit of Answering Philosophical Questions? (4:01) -- Is Marxism a Philosophy? (1:57) -- Philosophy as an Examination of Models of Society (7:14)
=506  \\$aAccess requires authentication through Films on Demand.
=520  \\$aBryan Magee-world-renowned author and professor-and Sir Isaiah Berlin, Fellow of All Souls College, Oxford, and biographer of Karl Marx, answer fundamental questions such as "What is philosophy?" "Why does it matter?" and "Why should anybody be interested in it today?
=521  2\$a11 & up.
=538  \\$aMode of access: Internet.
=538  \\$aSystem requirements: FOD playback platform.
=588  \\$aTitle from distributor's description.
=650  \0$aPhilosophy$xHistory.
=650  \0$aPhilosophy$xStudy and teaching.
=655  \0$aEducational films.
=655  \0$aInternet videos.
=655  \7$aVideorecording.$2local
=710  2\$aBBC Worldwide Ltd.
=710  2\$aFilms for the Humanities & Sciences (Firm)
=710  2\$aFilms Media Group.
=776  08$iOriginally produced:$dBBC Worldwide Ltd., 1976
=830  \0$aModern philosophy (Princeton, N.J.)
=856  40$zPart of the Films on Demand collection.$uhttp://ezproxy.fiu.edu/login?url=http://digital.films.com/PortalPlaylists.aspx?aid=24982&xtid=7303$yFIU users: view content here$5FMFIU
=856  4\$uhttp://ezproxy.fgcu.edu/login?url=http://digital.films.com/PortalPlaylists.aspx?aid=21751&xtid=7303$zFGCU: Off-campus access limited to current FGCU students and employees.$yConnect Now$5FFmFGC
=856  40$uhttps://login.proxy.lib.fsu.edu/login?url=http://digital.films.com/PortalPlaylists.aspx?aid=1274&xtid=7303$yFSU: Off-campus access limited to current FSU students & employees$zFOD Subscription$5FTaSU
=830  \0$aFilms on Demand$5FTaSU

