=LDR  02950ngm a2200493Ia 4500
=001  032066173
=005  20140731152255.0
=006  m||||||||c||||||||
=007  cr|cnannnuuuuu
=007  vz|czazuu
=008  110207s2005||||nyu018||||||||o|||vleng|d
=028  40$a10122s$bFilms Media Group
=028  40$a10129$bFilms Media Group
=035  \\$a(FOD)100010129
=035  \\$a100010129
=040  \\$aAzPhAEM
=245  00$aChemical bonding$h[electronic resource] /$cGoldhil Video (Firm)
=260  3\$aNew York, N.Y. :$bFilms Media Group,$c[2005], c2000.
=300  \\$a1 streaming video file (18 min.) :$bsd., col., digital file.
=490  1\$aChemistry: The Standard Deviants Core Curriculum
=490  1\$aFilms on Demand$5FTaSU
=599  \\$a(OCoLC)707967597
=500  \\$aEncoded with permission for digital streaming by Films Media Group on May 12, 2005.
=500  \\$aFilms on Demand is distributed by Films Media Group for Films for the Humanities & Sciences, Cambridge Educational, Meridian Education, and Shopware.
=505  0\$aLewis Structures and the Octet Rule (4:36) -- Atomic Bonding (3:41) -- Electronegativity (1:49) -- Bond Energy (3:38) -- Chemical Bonding Review (1:45)
=506  \\$aAccess requires authentication through Films on Demand.
=520  \\$aAn atom with eight electrons in its valence shell is a happy atom. Section one of this program makes sense of Lewis structures and resonance structures while addressing the Octet Rule and its exceptions. In section two, "Professor Einsteinium" and elements of Atomic Mass University-AMU-study electronegativity and ionic and covalent bonding, while section three focuses on bond energy and reaction enthalpy.
=538  \\$aMode of access: Internet.
=538  \\$aSystem requirements: FOD playback platform.
=588  \\$aTitle from distributor's description.
=650  \0$aChemical bonds.
=655  \0$aEducational films.
=655  \0$aInternet videos.
=655  \7$aVideorecording.$2local
=710  2\$aFilms for the Humanities & Sciences (Firm)
=710  2\$aFilms Media Group.
=710  2\$aGoldhil Video (Firm)
=710  2\$aStandard Deviants (Performing group)
=776  08$iOriginally produced:$dGoldhil Video (Firm), 2000$z9780736564939
=830  \0$aStandard deviants core curriculum$pChemistry.
=856  40$zPart of the Films on Demand collection.$uhttp://ezproxy.fiu.edu/login?url=http://digital.films.com/PortalPlaylists.aspx?aid=24982&xtid=10129$yFIU users: view content here$5FMFIU
=856  4\$uhttp://ezproxy.fgcu.edu/login?url=http://digital.films.com/PortalPlaylists.aspx?aid=21751&xtid=10129$zFGCU: Off-campus access limited to current FGCU students and employees.$yConnect Now$5FFmFGC
=856  40$uhttps://login.proxy.lib.fsu.edu/login?url=http://digital.films.com/PortalPlaylists.aspx?aid=1274&xtid=10129$yFSU: Off-campus access limited to current FSU students & employees$zFOD Subscription$5FTaSU
=830  \0$aFilms on Demand$5FTaSU

