=LDR  03411ngm a2200517Ia 4500
=001  032066584
=005  20140731152915.0
=006  m||||||||c||||||||
=007  cr|cnannnuuuuu
=007  vz|czazuu
=008  110207s2006||||nyu048||||||||o|||vleng|d
=028  40$a11533s$bFilms Media Group
=028  40$a11542$bFilms Media Group
=035  \\$a(FOD)100011542
=035  \\$a100011542
=040  \\$aAzPhAEM
=245  00$aEnd of life$h[electronic resource] :$bpatients facing death /$cABC News Productions.
=246  3\$aPatients facing death
=260  3\$aNew York, N.Y. :$bFilms Media Group,$c[2006], c2000.
=300  \\$a1 streaming video file (48 min.) :$bsd., col., digital file.
=490  1\$aHopkins 24/7: Inside America's Best Hospital System
=490  1\$aFilms on Demand$5FTaSU
=599  \\$a(OCoLC)707968655
=500  \\$aEncoded with permission for digital streaming by Films Media Group on Nov. 15, 2006.
=500  \\$aFilms on Demand is distributed by Films Media Group for Films for the Humanities & Sciences, Cambridge Educational, Meridian Education, and Shopware.
=505  0\$aPalliative Care (3:23) -- Fighting Kidney Cancer: Martina Ringgold (4:04) -- Fighting Kidney Cancer: Jeff Schmidt (5:28) -- Palliative Care Committee (2:22) -- Jeff Schmidt's Health Declines (2:08) -- End of Life Care (1:40) -- Preparing Family Members (3:47) -- End of Life Decisions (5:34) -- A Special Patient (2:46) -- Dying at Home with Hospice Care (5:07) -- Martina Ringgold's Wedding (3:08) -- Jeff Schmidt's Last Days (4:54) -- Martina Ringgold's Wedding Reception (2:31)
=506  \\$aAccess requires authentication through Films on Demand.
=520  \\$aAll through medical school, internship, and residency, doctors are trained to be healers. What can they contribute to the care of patients whose illnesses are beyond their help? This ABC News program examines the crusading efforts of oncologist Dr. Michael Carducci, of Johns Hopkins Medicine, to create an exemplary program of palliative care for people with terminal conditions. The importance of supporting patients and their families in the making of sound end-of-life decisions is stressed.
=521  2\$a12 & up.
=538  \\$aMode of access: Internet.
=538  \\$aSystem requirements: FOD playback platform.
=588  \\$aTitle from distributor's description.
=650  \0$aPain$xPrevention.
=650  \0$aPalliative$xTreatment.
=655  \0$aEducational films.
=655  \0$aInternet videos.
=655  \7$aVideorecording.$2local
=710  2\$aABC News Productions.
=710  2\$aFilms for the Humanities & Sciences (Firm)
=710  2\$aFilms Media Group.
=776  08$iOriginally produced:$dABC News Productions, 2000$z9781421380780
=830  \0$aHopkins 24-7.
=856  40$zPart of the Films on Demand collection.$uhttp://ezproxy.fiu.edu/login?url=http://digital.films.com/PortalPlaylists.aspx?aid=24982&xtid=11542$yFIU users: view content here$5FMFIU
=856  4\$uhttp://ezproxy.fgcu.edu/login?url=http://digital.films.com/PortalPlaylists.aspx?aid=21751&xtid=11542$zFGCU: Off-campus access limited to current FGCU students and employees.$yConnect Now$5FFmFGC
=856  40$uhttps://login.proxy.lib.fsu.edu/login?url=http://digital.films.com/PortalPlaylists.aspx?aid=1274&xtid=11542$yFSU: Off-campus access limited to current FSU students & employees$zFOD Subscription$5FTaSU
=830  \0$aFilms on Demand$5FTaSU

