=LDR  03501ngm a2200505Ia 4500
=001  032067277
=005  20140731153643.0
=006  m||||||||c||||||||
=007  cr|cnannnuuuuu
=007  vz|czazuu
=008  110207s2005||||nyu046||||||||o|||vleng|d
=028  40$a7278s$bFilms Media Group
=028  40$a7283$bFilms Media Group
=035  \\$a(FOD)100007283
=035  \\$a100007283
=040  \\$aAzPhAEM
=245  00$aSpinoza and Leibniz$h[electronic resource] /$cBBC Worldwide Ltd.
=260  3\$aNew York, N.Y. :$bFilms Media Group,$c[2005], c1987.
=300  \\$a1 streaming video file (46 min.) :$bsd., col., digital file.
=490  0\$aGreat Philosophers
=490  1\$aFilms on Demand$5FTaSU
=599  \\$a(OCoLC)741357715
=500  \\$aEncoded with permission for digital streaming by Films Media Group on Sept. 19, 2005.
=500  \\$aFilms on Demand is distributed by Films Media Group for Films for the Humanities & Sciences, Cambridge Educational, Meridian Education, and Shopware.
=505  0\$aEmpiricism vs. Rationalism (1:06) -- Basis for Spinoza's and Leibniz's Beliefs (3:23) -- Philosophy and Reality of the World (3:06) -- Spinoza's Vision of the World (5:58) -- Spinoza's Philosophy of Mind and Matter (2:56) -- Spinoza's Philosophy on Free Will (3:22) -- Spinoza and Religion (3:46) -- Leibniz's Philosophy on Monards and Truth (8:37) -- Leibniz on Mind, Matter, and Free Will (6:04) -- Spinoza's and Leibniz's Contributions (5:08)
=506  \\$aAccess requires authentication through Films on Demand.
=520  \\$aThe ideas of rationalist philosophers Baruch Spinoza and Gottfried Leibniz are examined in this program by world-renowned author and professor Bryan Magee and philosopher Anthony Quinton. Spinoza favors a pantheistic God who has matter and mind as two attributes, and who is the ultimate substance and explanation of the world. Leibniz sees the real world as consisting of an infinity of things purely spiritual, where everything, including space, is a phenomenon-a by-product of a real world with an infinite array of spiritual centers. Both philosophers construct a world that is very different from what the average person perceives, and both reject Cartesian duality.
=538  \\$aMode of access: Internet.
=538  \\$aSystem requirements: FOD playback platform.
=588  \\$aTitle from distributor's description.
=650  \0$aLiterature$y16th century.
=650  \0$aLiterature$y17th century.
=650  \0$aPhilosophy$xHistory.
=655  \0$aEducational films.
=655  \0$aInternet videos.
=655  \7$aVideorecording.$2local
=710  2\$aBBC Worldwide Ltd.
=710  2\$aFilms for the Humanities & Sciences (Firm)
=710  2\$aFilms Media Group.
=730  0\$aGreat philosophers (Television program)
=776  08$iOriginally produced:$dBBC Worldwide Ltd., 1987$z9781421387109
=856  40$zPart of the Films on Demand collection.$uhttp://ezproxy.fiu.edu/login?url=http://digital.films.com/PortalPlaylists.aspx?aid=24982&xtid=7283$yFIU users: view content here$5FMFIU
=856  4\$uhttp://ezproxy.fgcu.edu/login?url=http://digital.films.com/PortalPlaylists.aspx?aid=21751&xtid=7283$zFGCU: Off-campus access limited to current FGCU students and employees.$yConnect Now$5FFmFGC
=856  40$uhttps://login.proxy.lib.fsu.edu/login?url=http://digital.films.com/PortalPlaylists.aspx?aid=1274&xtid=7283$yFSU: Off-campus access limited to current FSU students & employees$zFOD Subscription$5FTaSU
=830  \0$aFilms on Demand$5FTaSU

