=LDR  03703ngm a2200529Ia 4500
=001  032067630
=005  20140731154348.0
=006  m||||||||c||||||||
=007  cr|cnannnuuuuu
=007  vz|czazuu
=008  110207s2007||||nyu052||||||||o|||vleng|d
=028  40$a6925s$bFilms Media Group
=028  40$a6926$bFilms Media Group
=035  \\$a(FOD)100006926
=035  \\$a100006926
=040  \\$aAzPhAEM
=245  04$aThe Roots of 20th$h[electronic resource] :$bdancing on a volcano /$cDigital Classics (Firm)
=246  3\$aDancing on a volcano
=260  3\$aNew York, N.Y. :$bFilms Media Group,$c[2007], c1996.
=300  \\$a1 streaming video file (52 min.) :$bsd., col., digital file.
=490  1\$aThe Music of the 20th Century: Leaving Home
=490  1\$aFilms on Demand$5FTaSU
=599  \\$a(OCoLC)707971278
=500  \\$aEncoded with permission for digital streaming by Films Media Group on Feb. 09, 2007.
=500  \\$aFilms on Demand is distributed by Films Media Group for Films for the Humanities & Sciences, Cambridge Educational, Meridian Education, and Shopware.
=505  0\$aMusical Tonality in the 1800s (2:36) -- Vienna: City of Artists, Writers, and Painters (1:50) -- Arnold Schoenberg: Atonal Music (4:28) -- Music Moves Into the 20th Century (3:15) -- Concept of Night and the Forest in 19th Century Music (1:08) -- Influence of Gustav Mahler (4:14) -- Richard Strauss's Opera "Electra" (4:48) -- Richard Strauss and Arnold Schoenberg (3:31) -- Schoenberg's "Remembrance" (2:42) -- Schoenberg, Webern, and Twelve-Tone Scale (4:12) -- Anton Webern's Atonal Music (2:41) -- Alban Berg: Twelve-Tone System (4:49) -- Cultural Environment of Europe in 1916-1920 (3:29) -- Jewish Composers in Anti-Semitic Europe (3:37)
=506  \\$aAccess requires authentication through Films on Demand.
=520  \\$aThis program describes a great musical culture in decline in turn-of-the-century Vienna, and discusses how that decline led to the musical revolution whose reverberations are still felt today. Names like Schoenberg, Webern, and Berg still strike terror in the hearts of many concert-goers. With the help of Simon Rattle, however, we hear in their powerful, brooding music the collapse of the Austro-Germanic order, the rise of Fascism, and the portents of the new music to come in the latter part of the 20th century.
=521  2\$a13 & up.
=538  \\$aMode of access: Internet.
=538  \\$aSystem requirements: FOD playback platform.
=588  \\$aTitle from distributor's description.
=650  \0$aMusic$y20th century$xHistory and criticism.
=650  \0$aMusic$y21st century$xHistory and criticism.
=655  \0$aEducational films.
=655  \0$aInternet videos.
=655  \7$aVideorecording.$2local
=710  2\$aDigital Classics (Firm)
=710  2\$aFilms for the Humanities & Sciences (Firm)
=710  2\$aFilms Media Group.
=776  08$iOriginally produced:$dDigital Classics (Firm), 1996$z9780736559461
=830  \0$aMusic of the 20th century.
=830  \0$aMusic of the twentieth century.
=856  40$zPart of the Films on Demand collection.$uhttp://ezproxy.fiu.edu/login?url=http://digital.films.com/PortalPlaylists.aspx?aid=24982&xtid=6926$yFIU users: view content here$5FMFIU
=856  4\$uhttp://ezproxy.fgcu.edu/login?url=http://digital.films.com/PortalPlaylists.aspx?aid=21751&xtid=6926$zFGCU: Off-campus access limited to current FGCU students and employees.$yConnect Now$5FFmFGC
=856  40$uhttps://login.proxy.lib.fsu.edu/login?url=http://digital.films.com/PortalPlaylists.aspx?aid=1274&xtid=6926$yFSU: Off-campus access limited to current FSU students & employees$zFOD Subscription$5FTaSU
=830  \0$aFilms on Demand$5FTaSU

