=LDR  03138ngm a2200517Ia 4500
=001  032068017
=005  20140731155117.0
=006  m||||||||c||||||||
=007  cr|cnannnuuuuu
=007  vz|czazuu
=008  110207s2005||||nyu017||||||||o|||vleng|d
=028  40$a29769s$bFilms Media Group
=028  40$a29771$bFilms Media Group
=035  \\$a(FOD)100029771
=035  \\$a100029771
=040  \\$aAzPhAEM
=245  00$aDesert biomes$h[electronic resource] /$cCambridge Educational (Firm)
=260  3\$aNew York, N.Y. :$bFilms Media Group,$c[2005], c2002.
=300  \\$a1 streaming video file (17 min.) :$bsd., col., digital file +$einstructional materials (online)
=490  1\$aBiomes
=490  1\$aFilms on Demand$5FTaSU
=599  \\$a(OCoLC)707972225
=500  \\$aEncoded with permission for digital streaming by Films Media Group on May 12, 2005.
=500  \\$aFilms on Demand is distributed by Films Media Group for Films for the Humanities & Sciences, Cambridge Educational, Meridian Education, and Shopware.
=505  0\$aDesert Biomes (3:07) -- Rain Shadow Deserts (2:57) -- Latitude Deserts (3:03) -- Plant Life in the Desert (3:49) -- Animal Life in the Desert (2:38) -- Rain and Plant Life in Desert Biome (1:26)
=506  \\$aAccess requires authentication through Films on Demand.
=520  \\$aWhether it's a stretch of sand dunes in equatorial Africa or a cactus-covered plain in California, any place that receives less than ten inches of rain per year is considered a desert. By comparing and contrasting arid and semi-arid regions, this program provides students with a balanced picture of the Earth's desert biomes. The program also investigates how the few plants and animals that inhabit these ecosystems survive the extreme temperatures and severe lack of water that characterize the desert environment.
=538  \\$aMode of access: Internet.
=538  \\$aSystem requirements: FOD playback platform.
=588  \\$aTitle from distributor's description.
=650  \0$aBiogeography.
=650  \0$aBiotic communities.
=650  \0$aClimatology.
=650  \0$aPhysical geography.
=655  \0$aEducational films.
=655  \0$aInternet videos.
=655  \7$aVideorecording.$2local
=710  2\$aCambridge Educational (Firm)
=710  2\$aFilms for the Humanities & Sciences (Firm)
=710  2\$aFilms Media Group.
=776  08$iOriginal produced:$dCambridge Educational (Firm), 2002$z9781421315539
=830  \0$aBiomes (New York, N.Y.)
=856  40$zPart of the Films on Demand collection.$uhttp://ezproxy.fiu.edu/login?url=http://digital.films.com/PortalPlaylists.aspx?aid=24982&xtid=29771$yFIU users: view content here$5FMFIU
=856  4\$uhttp://ezproxy.fgcu.edu/login?url=http://digital.films.com/PortalPlaylists.aspx?aid=21751&xtid=29771$zFGCU: Off-campus access limited to current FGCU students and employees.$yConnect Now$5FFmFGC
=856  40$uhttps://login.proxy.lib.fsu.edu/login?url=http://digital.films.com/PortalPlaylists.aspx?aid=1274&xtid=29771$yFSU: Off-campus access limited to current FSU students & employees$zFOD Subscription$5FTaSU
=830  \0$aFilms on Demand$5FTaSU

