=LDR  03242ngm a2200529Ia 4500
=001  032068366
=005  20140731155811.0
=006  m||||||||c||||||||
=007  cr|cnannnuuuuu
=007  vz|czazuu
=008  110207s2007||||nyu015||||||||o|||vleng|d
=028  40$a31290s$bFilms Media Group
=028  40$a31295$bFilms Media Group
=035  \\$a(FOD)100031295
=035  \\$a100031295
=040  \\$aAzPhAEM
=245  00$aPeople$h[electronic resource] /$c4 Learning (Firm)
=260  3\$aNew York, N.Y. :$bFilms Media Group,$c[2007], c2003.
=300  \\$a1 streaming video file (15 min.) :$bsd., col., digital.
=490  1\$aInside the Tate Modern: A Century of Modern Art
=490  1\$aFilms on Demand$5FTaSU
=599  \\$a(OCoLC)707972776
=500  \\$aEncoded with permission for digital streaming by Films Media Group on Feb. 14, 2007.
=500  \\$aFilms on Demand is distributed by Films Media Group for Films for the Humanities & Sciences, Cambridge Educational, Meridian Education, and Shopware.
=505  0\$aPart 1: Nudes, Mixed Media, Photographic Self-Portrait (3:28) -- Part 2: Photographs: Battered Woman, Racial and Gender Stereotypes (4:08) -- Part 3: Art Is a Human Experience (4:07)
=506  \\$aAccess requires authentication through Films on Demand.
=520  \\$aSegment one of this program examines the unidealized human form with Lucian Freud's nude Standing by the Rags, Arman's mixed-media sculpture Condition of Women I, and John Coplans' nude Frieze No. 2, 4 Panels. Segment two grapples with physical abuse and racial and sexual stereotyping through Nan Goldin's Nan One Month after Being Battered, Sonia Boyce's From Tarzan to Rambo Etc., and Sarah Lucas' Self-Portrait with Knickers and Self-Portrait with Fried Eggs. Segment three seeks to understand issues of identity and to discern the roots of cruelty with Louise Bourgeois' Cell (Eyes and Mirrors) and Annette Messager's The Pikes.
=538  \\$aMode of access: Internet.
=538  \\$aSystem requirements: FOD playback platform.
=588  \\$aTitle from distributor's description.
=650  \0$aArt criticism.
=650  \0$aModernism (Art)
=650  \0$aVisual communication.
=650  \0$aVisual literacy.
=650  \0$aVisual perception.
=655  \0$aEducational films.
=655  \0$aInternet videos.
=655  \7$aVideorecording.$2local
=710  2\$a4 Learning (Firm)
=710  2\$aFilms for the Humanities & Sciences (Firm)
=710  2\$aFilms Media Group.
=776  08$iOriginal produced:$d4 Learning (Firm), 2003$z9780736566964
=830  \0$aInside the Tate modern.
=856  40$zPart of the Films on Demand collection.$uhttp://ezproxy.fiu.edu/login?url=http://digital.films.com/PortalPlaylists.aspx?aid=24982&xtid=31295$yFIU users: view content here$5FMFIU
=856  4\$uhttp://ezproxy.fgcu.edu/login?url=http://digital.films.com/PortalPlaylists.aspx?aid=21751&xtid=31295$zFGCU: Off-campus access limited to current FGCU students and employees.$yConnect Now$5FFmFGC
=856  40$uhttps://login.proxy.lib.fsu.edu/login?url=http://digital.films.com/PortalPlaylists.aspx?aid=1274&xtid=31295$yFSU: Off-campus access limited to current FSU students & employees$zFOD Subscription$5FTaSU
=830  \0$aFilms on Demand$5FTaSU

