=LDR  03821ngm a2200589Ia 4500
=001  032068755
=005  20140731160602.0
=006  m||||||||c||||||||
=007  cr|cnannnuuuuu
=007  vz|czazuu
=008  110207s2005||||nyu054||||||||o|||vleng|d
=028  40$a33229s$bFilms Media Group
=028  40$a33230$bFilms Media Group
=035  \\$a(FOD)100033230
=035  \\$a100033230
=040  \\$aAzPhAEM
=245  00$aGary Hill$h[electronic resource] :$btranscending the senses /$cGerman United Distributors.
=246  3\$aTranscending the senses
=260  3\$aNew York, N.Y. :$bFilms Media Group,$c[2005], c2001.
=300  \\$a1 streaming video file (54 min.) :$bsd., col., digital.
=490  1\$aVideo Artists, Video Art: Film at the Fringes of Experience
=490  1\$aFilms on Demand$5FTaSU
=599  \\$a(OCoLC)709669203
=500  \\$aEncoded with permission for digital streaming by Films Media Group on Sept. 19, 2005.
=500  \\$aFilms on Demand is distributed by Films Media Group for Films for the Humanities & Sciences, Cambridge Educational, Meridian Education, and Shopware.
=505  0\$aGary Hill's "Wall Piece" (5:32) -- Gary Hill's "Crossbow" (3:19) -- Camera and Man (4:51) -- Gary Hill: Image and Sound (6:08) -- Gary Hill: "Remarks on Color" (3:39) -- Gary Hill and Surfing (3:55) -- Images of a Book and a Nude Male (6:01) -- Gary Hill: "Come On Petunia" (4:38) -- Gary Hill's Video and Sound Creations (4:24) -- Gary Hill in His Studio (4:21) -- Gary Hill: Mediations (4:01)
=506  \\$aAccess requires authentication through Films on Demand.
=520  \\$aGary Hill's transformative films, performances, and video installations offer resonant philosophic and poetic insights as he explores the tensions that reverberate among electronic media, language, the senses, and the self. In this program, Hill uses a number of his pieces to investigate otherness and ambiguity, dislocation of the senses, the boundary between words and comprehension, the physicality of text, and figurative interactivity. Featured works include Wall Piece; Crossbow; Liminal Objects; Reflex Chamber; Conundrum; Remarks on Color; Suspension of Disbelief; I Believe It Is an Image in Light of the Other; Why Do Things Get in a Muddle? (Come on Petunia); CRUX; Primarily Speaking; and Mediations. Contains brief nudity.
=521  2\$a12 & up.
=538  \\$aMode of access: Internet.
=538  \\$aSystem requirements: FOD playback platform.
=588  \\$aTitle from distributor's description.
=600  10$aHill, Gary,$d1951-
=650  \0$aDecorative arts.
=650  \0$aHandicraft.
=650  \0$aIndustrial arts.
=650  \0$aInstallations (Art)
=650  \0$aMotion pictures$xAppreciation.
=650  \0$aPopular culture$xHistory and criticism.
=650  \0$aSculpture.
=655  \0$aEducational films.
=655  \0$aInternet videos.
=655  \7$aVideorecording.$2local
=710  2\$aFilms for the Humanities & Sciences (Firm)
=710  2\$aFilms Media Group.
=710  2\$aGerman United Distributors.
=776  08$iOriginal produced:$dGerman United Distributors, 2001$z9780736591652
=830  \0$aVideo artists video art.
=856  40$zPart of the Films on Demand collection.$uhttp://ezproxy.fiu.edu/login?url=http://digital.films.com/PortalPlaylists.aspx?aid=24982&xtid=33230$yFIU users: view content here$5FMFIU
=856  4\$uhttp://ezproxy.fgcu.edu/login?url=http://digital.films.com/PortalPlaylists.aspx?aid=21751&xtid=33230$zFGCU: Off-campus access limited to current FGCU students and employees.$yConnect Now$5FFmFGC
=856  40$uhttps://login.proxy.lib.fsu.edu/login?url=http://digital.films.com/PortalPlaylists.aspx?aid=1274&xtid=33230$yFSU: Off-campus access limited to current FSU students & employees$zFOD Subscription$5FTaSU
=830  \0$aFilms on Demand$5FTaSU

