=LDR  04351ngm a2200721Ia 4500
=001  032069150
=005  20150130175532.0
=006  m||||||||c||||||||
=007  cr|cnannnuuuuu
=007  vz|czazuu
=008  110206s2005||||nyu025||||||||o|||vleng|d
=028  40$a34718$bFilms Media Group
=028  40$a35848s$bFilms Media Group
=028  40$a35851s$bFilms Media Group
=028  40$a35853s$bFilms Media Group
=028  40$a35878s$bFilms Media Group
=035  \\$a(FOD)100034718
=035  \\$a100034718
=040  \\$aAzPhAEM
=041  1\$aeng$jeng
=245  00$aFrom depression to discovery$h[electronic resource] :$bteenager's guidebook /$cCambridge Educational (Firm)
=246  3\$aTeenager's guidebook
=260  3\$aNew York, N.Y. :$bFilms Media Group,$c[2005], c2005.
=300  \\$a1 streaming video file (25 min.) :$bsd., col., digital file +$einstructional materials (online)
=490  1\$aHealth & Wellness Core Curriculum Video Library
=490  1\$aThe Cambridge Educational Core Curriculum Video Libraries
=490  1\$aThe Complete New Releases Curriculum Library 2006
=490  1\$aThe Guidance & Mental Health Collection
=490  1\$aFilms on Demand$5FTaSU
=599  \\$a(OCoLC)700407590
=500  \\$aEncoded with permission for digital streaming by Films Media Group on Dec. 28, 2005.
=500  \\$aFilms on Demand is distributed by Films Media Group for Films for the Humanities & Sciences, Cambridge Educational, Meridian Education, and Shopware.
=505  0\$aDepression Defined (2:30) -- Suicide and Depression (2:41) -- Irritability and Depression (4:48) -- Signs of Depression (1:53) -- Causes of Depression (2:40) -- Getting Help for Depression (5:43) -- Living with Depression (2:57)
=506  \\$aAccess requires authentication through Films on Demand.
=520  \\$aClinical depression and ignorance are a dangerous combination. Myths surrounding the disease-for example, the notion that it affects only adults-often prevent depressed young people from seeking help. This video shatters common misconceptions about depression, helping young viewers recognize its outward and internal symptoms. The latest forms of treatment are also explored. Interviews with teens who are living successfully with the disease, and commentary by renowned adolescent psychologist Dr. Harold S. Koplewicz, are interwoven with eye-catching and informative graphics that reinforce essential points.
=521  2\$a9 & up.
=538  \\$aMode of access: Internet.
=538  \\$aSystem requirements: FOD playback platform.
=546  \\$aClosed-captioned.
=588  \\$aTitle from distributor's description.
=650  \0$aCrisis intervention (Mental health services)
=650  \0$aDepression, Mental$xTreatment.
=650  \0$aGrief therapy.
=650  \0$aMental health.
=650  \0$aPersonality.
=650  \0$aSelf-care, Health.
=650  \0$aSuicide$xPrevention.
=655  \0$aEducational films.
=655  \0$aInternet videos.
=655  \7$aVideorecording.$2local
=710  2\$aCambridge Educational (Firm)
=710  2\$aFilms for the Humanities & Sciences (Firm)
=710  2\$aFilms Media Group.
=776  08$iOriginally produced:$dCambridge Educational (Firm), 2005$z9781421326924
=830  \0$aComplete new releases curriculum library 2006.
=830  \0$aCore curriculum video libraries (Cambridge educational (Firm))
=830  \0$aCore curriculum video library.$pHealth and wellness.
=830  \0$aGuidance & mental health collection.
=856  40$zPart of the Films on Demand collection.$uhttp://ezproxy.fiu.edu/login?url=http://digital.films.com/PortalPlaylists.aspx?aid=24982&xtid=34718$yFIU users: view content here$5FMFIU
=856  4\$uhttp://ezproxy.fgcu.edu/login?url=http://digital.films.com/PortalPlaylists.aspx?aid=21751&xtid=34718$zFGCU: Off-campus access limited to current FGCU students and employees.$yConnect Now$5FFmFGC
=856  40$uhttps://login.proxy.lib.fsu.edu/login?url=http://digital.films.com/PortalPlaylists.aspx?aid=1274&xtid=34718$yFSU: Off-campus access limited to current FSU students & employees$zFOD Subscription$5FTaSU
=830  \0$aFilms on Demand$5FTaSU
=856  4\$uhttp://famuproxy.fcla.edu/login?url=http://digital.films.com/PortalPlaylists.aspx?aid=19804&xtid=34718$yFAMU: Off-campus access limited to current FAMU students & employees$5FTaFA

