=LDR  03687ngm a2200601Ia 4500
=001  032069482
=005  20140731162227.0
=006  m||||||||c||||||||
=007  cr|cnannnuuuuu
=007  vz|czazuu
=008  110206s2006||||nyu025||||||||o|||vleng|d
=028  40$a35947s$bFilms Media Group
=028  40$a35952$bFilms Media Group
=035  \\$a(FOD)100035952
=035  \\$a100035952
=040  \\$aAzPhAEM
=041  1\$aeng$jeng
=245  00$aWill power$h[electronic resource] /$cPublic Affairs Television (Firm)
=260  3\$aNew York, N.Y. :$bFilms Media Group,$c[2006], c2006.
=300  \\$a1 streaming video file (25 min.) :$bsd., col., digital file.
=490  1\$aBill Moyers on Faith & Reason
=490  1\$aFilms on Demand$5FTaSU
=599  \\$a(OCoLC)709672192
=500  \\$aEncoded with permission for digital streaming by Films Media Group on Oct. 07, 2006.
=500  \\$aFilms on Demand is distributed by Films Media Group for Films for the Humanities & Sciences, Cambridge Educational, Meridian Education, and Shopware.
=505  0\$aBill Moyers Introduces Will Power (1:51) -- Ancient Greeks as Hip-Hop Heroes (3:42) -- God's Will from Ancient Greece to Hip-Hop Culture (2:22) -- Modern Lessons from Ancient Greek Mythology (1:50) -- Speaking to Your Audience: From Ancient Greece to Modern Urban Culture (1:23) -- Oral History: From Ancient Greece to Modern Hip-Hop (2:13) -- Why Will Power Digs Oedipus (1:23) -- Lack of Faith: A Modern Lesson from Greek Mythology (2:59) -- Mutual Respect: Ancient Greek Classics and Modern Hip-Hop (1:08) -- Will Power: Mythology, Inspirations, and Optimism (2:45)
=506  \\$aAccess requires authentication through Films on Demand.
=520  \\$aWriter, actor, and rapper Will Power brings unique characters and thought-provoking scenarios to life in his vividly staged performances-including The Seven, his hip-hop adaptation of Aeschylus' Seven Against Thebes. Bill Moyers interviews Power about his creative process, focusing on his ability to "flip" an ancient Greek drama into a highly charged, completely contemporary work-one that has meaning for audiences of all ages and backgrounds.
=521  2\$a11 & up.
=538  \\$aMode of access: Internet.
=538  \\$aSystem requirements: FOD playback platform.
=546  \\$aClosed-captioned.
=588  \\$aTitle from distributor's description.
=600  10$aMoyers, Bill D.
=650  \0$aInstitutionalism (Religion)
=650  \0$aReligion and sociology.
=650  \0$aReligions$xPhilosophy.
=650  \0$aReligious institutions.
=650  \0$aSpirituality.
=650  \0$aTheology.
=655  \0$aEducational films.
=655  \0$aInternet videos.
=655  \7$aVideorecording.$2local
=700  1\$aMoyers, Bill D.
=710  2\$aFilms for the Humanities & Sciences (Firm)
=710  2\$aFilms Media Group.
=710  2\$aPublic Affairs Television (Firm)
=776  08$iOriginally produced:$dPublic Affairs Television (Firm), 2006$z9781421353722
=830  \0$aFaith and reason (New York, N.Y.)
=856  40$zPart of the Films on Demand collection.$uhttp://ezproxy.fiu.edu/login?url=http://digital.films.com/PortalPlaylists.aspx?aid=24982&xtid=35952$yFIU users: view content here$5FMFIU
=856  4\$uhttp://ezproxy.fgcu.edu/login?url=http://digital.films.com/PortalPlaylists.aspx?aid=21751&xtid=35952$zFGCU: Off-campus access limited to current FGCU students and employees.$yConnect Now$5FFmFGC
=856  40$uhttps://login.proxy.lib.fsu.edu/login?url=http://digital.films.com/PortalPlaylists.aspx?aid=1274&xtid=35952$yFSU: Off-campus access limited to current FSU students & employees$zFOD Subscription$5FTaSU
=830  \0$aFilms on Demand$5FTaSU

