=LDR  03722ngm a2200625Ia 4500
=001  032069788
=005  20140731162903.0
=006  m||||||||c||||||||
=007  cr|cnannnuuuuu
=007  vz|czazuu
=008  110206s2007||||nyu049||||||||o|||vleng|d
=028  40$a36978s$bFilms Media Group
=028  40$a36980$bFilms Media Group
=035  \\$a(FOD)100036980
=035  \\$a100036980
=040  \\$aAzPhAEM
=041  1\$aeng$jeng
=245  04$aThe Anatomy of pain$h[electronic resource] /$cMuse Entertainment (Firm)
=260  3\$aNew York, N.Y. :$bFilms Media Group,$c[2007], c2003.
=300  \\$a1 streaming video file (49 min.) :$bsd., col., digital file.
=490  0\$aHuman Nature
=490  1\$aFilms on Demand$5FTaSU
=599  \\$a(OCoLC)712800573
=500  \\$aEncoded with permission for digital streaming by Films Media Group on Mar. 03, 2007.
=500  \\$aFilms on Demand is distributed by Films Media Group for Films for the Humanities & Sciences, Cambridge Educational, Meridian Education, and Shopware.
=505  0\$aChronic Pain: Neuropathic (3:28) -- Juvenile Arthritis: Chronic Pain (3:41) -- Acute Pain (3:15) -- Coping With Chronic Pain (4:23) -- Consequences of Pain (5:07) -- Complex Regional Pain Syndrome (5:44) -- Acupuncture: A Natural Analgesic (3:07) -- Pain Management Techniques (5:20) -- Culture of Pain (3:17) -- Pain Education (3:42) -- Coping With Pain (4:41)
=506  \\$aAccess requires authentication through Films on Demand.
=520  \\$aPain has a clear purpose: warning the body of invasion and other dangers. But the connection between pain and the human mind is more mysterious. This program examines various types of pain and their frequently elusive neurological aspects; it also presents methods, both clinical and alternative, that help long-term sufferers cope with debilitating pain. Distinguishing between acute and chronic pain, the program outlines the process by which pain signals travel through the human nerve network, while spotlighting the quest to understand pain-generated depression and Complex Regional Pain Syndrome. Treatments involving both acupuncture and medication are addressed.
=521  2\$a12 & up.
=538  \\$aMode of access: Internet.
=538  \\$aSystem requirements: FOD playback platform.
=546  \\$aClosed-captioned.
=588  \\$aTitle from distributor's description.
=650  \0$aBrain$xPhysiology.
=650  \0$aNeurophysiology.
=650  \0$aCulture.
=650  \0$aEmotions.
=650  \0$aMotivation (Psychology)
=650  \0$aNeuropsychology.
=650  \0$aPain$xPrevention.
=650  \0$aPalliative$xTreatment.
=650  \0$aPsychobiology.
=650  \0$aSocial structure.
=655  \0$aEducational films.
=655  \0$aInternet videos.
=655  \7$aVideorecording.$2local
=710  2\$aFilms for the Humanities & Sciences (Firm)
=710  2\$aFilms Media Group.
=710  2\$aMuse Entertainment (Firm)
=730  0\$aHuman nature (Television program)
=776  08$iOriginally produced:$dMuse Entertainment (Firm), 2007$z9781421362229
=856  40$zPart of the Films on Demand collection.$uhttp://ezproxy.fiu.edu/login?url=http://digital.films.com/PortalPlaylists.aspx?aid=24982&xtid=36980$yFIU users: view content here$5FMFIU
=856  4\$uhttp://ezproxy.fgcu.edu/login?url=http://digital.films.com/PortalPlaylists.aspx?aid=21751&xtid=36980$zFGCU: Off-campus access limited to current FGCU students and employees.$yConnect Now$5FFmFGC
=856  40$uhttps://login.proxy.lib.fsu.edu/login?url=http://digital.films.com/PortalPlaylists.aspx?aid=1274&xtid=36980$yFSU: Off-campus access limited to current FSU students & employees$zFOD Subscription$5FTaSU
=830  \0$aFilms on Demand$5FTaSU

