=LDR  03498ngm a2200541Ia 4500
=001  032070202
=005  20140731163802.0
=006  m||||||||c||||||||
=007  cr|cnannnuuuuu
=007  vz|czazuu
=008  110206s2008||||nyu028||||||||o|||vleng|d
=028  40$a39029s$bFilms Media Group
=028  40$a39042$bFilms Media Group
=035  \\$a(FOD)100039042
=035  \\$a100039042
=040  \\$aAzPhAEM
=041  1\$aeng$jeng
=245  04$aThe Lutheran church$h[electronic resource] /$cWholey, Dennis, 1937-
=260  3\$aNew York, N.Y. :$bFilms Media Group,$c[2008], c2007.
=300  \\$a1 streaming video file (28 min.) :$bsd., col., digital file.
=490  0\$aI BELIEVE-with Dennis Wholey
=490  1\$aFilms on Demand$5FTaSU
=599  \\$a(OCoLC)709674826
=500  \\$aEncoded with permission for digital streaming by Films Media Group on May 08, 2008.
=500  \\$aFilms on Demand is distributed by Films Media Group for Films for the Humanities & Sciences, Cambridge Educational, Meridian Education, and Shopware.
=505  0\$aReligious Reformer Martin Luther (2:33) -- Lutheranism and Lutheran Synods (2:07) -- What Do Lutherans Believe? (3:48) -- Importance of Martin Luther's 95 Theses (2:46) -- Lutheranism: Nature of Faith (1:56) -- Lutheran Sacraments and Liturgical Services (2:49) -- Lutheran Holy Communion Worship Service (2:18) -- Church and Community (3:06) -- Church in a Changing Society (1:50) -- Overview of Lutheranism (1:32)
=506  \\$aAccess requires authentication through Films on Demand.
=520  \\$aIn this program, Dennis Wholey has a conversation about Lutheranism with the Reverend David Eberhard of Historic Trinity Lutheran Church, in Detroit, Michigan. Topics of discussion include Martin Luther, his 95 theses, and the Reformation; the doctrine of justification and other core beliefs; the Church's two sacraments; The Book of Concord; how Historic Trinity Lutheran Church stays relevant to both its congregants and the city of Detroit; and concerns over the hectic pace and stress of modern life. The program also goes inside Historic Trinity to illustrate aspects of a typical liturgy-oriented Lutheran worship service.
=521  2\$a11 & up.
=538  \\$aMode of access: Internet.
=538  \\$aSystem requirements: FOD playback platform.
=546  \\$aClosed-captioned.
=588  \\$aTitle from distributor's description.
=600  10$aWholey, Dennis,$d1937-
=650  \0$aChristianity.
=650  \0$aRitual.
=655  \0$aEducational films.
=655  \0$aInternet videos.
=655  \7$aVideorecording.$2local
=700  1\$aWholey, Dennis, 1937-
=710  2\$aFilms for the Humanities & Sciences (Firm)
=710  2\$aFilms Media Group.
=730  0\$aI believe (Television program)
=776  08$iOriginally produced:$aWholey, Dennis, 1937-$d2008$z9781421396514
=856  40$zPart of the Films on Demand collection.$uhttp://ezproxy.fiu.edu/login?url=http://digital.films.com/PortalPlaylists.aspx?aid=24982&xtid=39042$yFIU users: view content here$5FMFIU
=856  4\$uhttp://ezproxy.fgcu.edu/login?url=http://digital.films.com/PortalPlaylists.aspx?aid=21751&xtid=39042$zFGCU: Off-campus access limited to current FGCU students and employees.$yConnect Now$5FFmFGC
=856  40$uhttps://login.proxy.lib.fsu.edu/login?url=http://digital.films.com/PortalPlaylists.aspx?aid=1274&xtid=39042$yFSU: Off-campus access limited to current FSU students & employees$zFOD Subscription$5FTaSU
=830  \0$aFilms on Demand$5FTaSU

