=LDR  04718ngm a2200553Ia 4500
=001  032070558
=005  20140731164548.0
=006  m||||||||c||||||||
=007  cr|cnannnuuuuu
=007  vz|czazuu
=008  101228s2009||||nyu057||||||||o|||vleng|d
=028  40$a37083s$bFilms Media Group
=028  40$a39930$bFilms Media Group
=035  \\$a(FOD)100039930
=035  \\$a100039930
=040  \\$aAzPhAEM
=245  00$aBurning season$h[electronic resource] :$bIndonesia and the global carbon credit market /$cWNET (Television station : New York, N.Y.)
=246  3\$aIndonesia and the global carbon credit market
=260  3\$aNew York, N.Y. :$bFilms Media Group,$c[2009], c2008.
=300  \\$a1 streaming video file (57 min.) :$bsd., col., digital file.
=490  0\$aThe Wide Angle Collection: Human Stories, Global Issues
=490  1\$aFilms on Demand$5FTaSU
=599  \\$a(OCoLC)709676232
=500  \\$aEncoded with permission for digital streaming by Films Media Group on Mar. 01, 2009.
=500  \\$aFilms on Demand is distributed by Films Media Group for Films for the Humanities & Sciences, Cambridge Educational, Meridian Education, and Shopware.
=505  0\$aEconomic Reality of Farmers in Indonesia (2:18) -- Global Warming Issues and Economic Reality (1:08) -- Bali, Indonesia: Governors Round Table on Climate Change (1:52) -- Kyoto Global Climate Conference (1:48) -- Indonesia Addresses Climate Change (1:44) -- Illegal Logging in Aceh, Indonesia (2:24) -- Buying into Avoided Deforestation (2:01) -- Value of Carbon Credits (1:04) -- Proposal to Invest in the Forest of Aceh, Indonesia (1:53) -- Palm Oil Production (1:41) -- Alternatives for Small Farmers (2:03) -- Carbon Conservation Pitch (1:43) -- Pitch to Establish a Carbon Credit market (2:29) -- Farming both Carbon and Coffee (2:00) -- CEO of Carbon Conservation (1:57) -- Limited Options for Small Farmers (2:14) -- Aceh Green Vision (1:18) -- A New Strategy for the Carbon Credit Market (2:22) -- UN Climate Change Conference 2007 (2:20) -- Publicity for Aceh Green Vision (2:10) -- Forests as Giant Utilities (2:10) -- Decision UN Climate Change Conference 2007 (3:07) -- Reducing Emissions form Deforestation in Developing Countries (1:26) -- Plan to Protect the Forest of Indonesia (1:00) -- Who is Responsible for Climate Change? (1:51) -- Iowa: Embracing the Possibilities of Climate Change (1:14) -- Effect of Kyoto (2:20) -- Approaching a Global Crisis (1:43)
=506  \\$aAccess requires authentication through Films on Demand.
=520  \\$aNew studies show that the devastation of Indonesia's forests has helped to make the country the world's third-largest emitter of carbon dioxide. Can the trees be saved by selling their carbon credits? And if so, will small farmers whose livelihoods depend upon clearing the land reap a part of the profits? This Wide Angle report takes a balanced look at the concept and implementation of carbon credits, profiling both an entrepreneur championing the plan and a farmer who fears he will be adversely affected and unable to make ends meet. In addition, former Iowa Governor Tom Vilsack speaks with Aaron Brown about global warming and the need for America to innovate more aggressively-and to become a more responsible global citizen.
=538  \\$aMode of access: Internet.
=538  \\$aSystem requirements: FOD playback platform.
=588  \\$aTitle from distributor's description.
=650  \0$aAir pollution.
=650  \0$aClimatic changes.
=650  \0$aEcosystem management.
=650  \0$aEntrepreneurship.
=650  \0$aInternational business enterprises$xManagement.
=651  \0$aSoutheast Asia.
=655  \0$aEducational films.
=655  \0$aInternet videos.
=655  \7$aVideorecording.$2local
=710  2\$aFilms for the Humanities & Sciences (Firm)
=710  2\$aFilms Media Group.
=710  2\$aWNET (Television station : New York, N.Y.)
=730  0\$aWide angle (Television program)
=776  08$iOriginally produced:$tBurning Season$dWNET (Television station : New York, N.Y.), 2009
=856  40$zPart of the Films on Demand collection.$uhttp://ezproxy.fiu.edu/login?url=http://digital.films.com/PortalPlaylists.aspx?aid=24982&xtid=39930$yFIU users: view content here$5FMFIU
=856  4\$uhttp://ezproxy.fgcu.edu/login?url=http://digital.films.com/PortalPlaylists.aspx?aid=21751&xtid=39930$zFGCU: Off-campus access limited to current FGCU students and employees.$yConnect Now$5FFmFGC
=856  40$uhttps://login.proxy.lib.fsu.edu/login?url=http://digital.films.com/PortalPlaylists.aspx?aid=1274&xtid=39930$yFSU: Off-campus access limited to current FSU students & employees$zFOD Subscription$5FTaSU
=830  \0$aFilms on Demand$5FTaSU

