=LDR  06116ngm a2200589Ia 4500
=001  032072126
=005  20140801080228.0
=006  m|||||o||c||||||||
=007  vz|czazuu
=007  cr|cna
=008  130405s1999||||nyu084||||||||o|||vleng|d
=028  40$a47826s$bFilms Media Group
=028  40$a47827$bFilms Media Group
=035  \\$a(FOD)100047827
=035  \\$a100047827
=040  \\$aAzPhAEM
=041  0\$aeng$jeng
=245  04$aThe Reagan Presidency$h[electronic resource] :$bGreat Communicator Series /$cWPA Film Library.
=246  3\$aGreat Communicator Series
=260  3\$aNew York, N.Y. :$bFilms Media Group,$c[2012], c1999.
=300  \\$a1 streaming video file (84 min.) :$bsd., col.
=490  1\$aRonald Reagan: Great Communicator Series, from The WPA Film Library Speeches Collection
=490  1\$aFilms on Demand$5FTaSU
=599  \\$a(OCoLC)836716612
=500  \\$aEncoded with permission for digital streaming by Films Media Group on February 11, 2012.
=500  \\$aFilms on Demand is distributed by Films Media Group for Films for the Humanities & Sciences, Cambridge Educational, Meridian Education, and Shopware.
=505  0\$aIntro: The Speeches Collection: The Reagan Presidency: Great Communicator Series (2:23) -- Victory Speech (1:11) -- Inaugural Address (0:40) -- Inaugural Luncheon (0:26) -- Reagan Welcomes the American Hostages (0:38) -- First Press Conference (0:51) -- Address on the Program for Economic Recovery (1:21) -- Reagan is Shot (1:05) -- Joint Session of Congress (2:58) -- Women Business owners of New York (0:08) -- Nomination of Sandra Day O'Connor (0:28) -- Air Traffic Controllers Strike (0:50) -- Address to the Nation on Christmas and the Situation in Poland (1:25) -- Conservative Political Action Conference (0:26) -- Afghanistan Day Proclamation (0:41) -- Address to the British Parliament (0:35) -- Speech to the United Nations General Assembly (1:23) -- Strategic Arms Reduction and Nuclear Deterrence (0:38) -- Second Press Conference (1:06) -- Defense and National Security (0:48) -- Soviet Attack on a Korean Airliner (0:47) -- Reagan Addresses the U.N. General Assembly (0:39) -- Events in Lebanon and Grenada (1:23) -- White House News Photographers (0:26) -- Strategic Defense Initiative (0:47) -- National Space Club Luncheon (0:23) -- Conference of the National Federation of Independent Business (0:58) -- Soviet Relations (0:49) -- Executive Forum (1:41) -- 1984 State of the Union Address (0:20) -- Reagan Visits Asia (1:21) -- Reagan Awards Micheal Jackson (0:34) -- U.S. Ranger Monument (1:39) -- Normandy Invasion Ceremony (1:21) -- International Games for the Disabled (0:29) -- Reagan Address to the Nation in 1984 (1:47) -- Republican National Convention (1:54) -- Reagan-Bush Rally (3:06) -- Reagan Defeats Mondale (1:44) -- Reagan's Oath of Office (0:36) -- Inaugural Address, 1985 (0:26) -- Executive Forum, 1985 (0:56) -- Soviet's New Leader (1:02) -- Conference on Religious Liberty (1:17) -- Bitburg Air Base (1:57) -- Mother Teresa Receives the Presidential Medal of Freedom (0:28) -- TWA Hijacking Incident (1:01) --
=505  0\$aAnnual Convention of the American Bar Association (0:50) -- 1985 Address to the U.N. General Assembly (0:42) -- 1985 Address to the Joint Session of Congress (1:16) -- Prince Charles and Princess Di Visit (0:20) -- Teacher in Space Program (0:20) -- The Challenger Explosion (0:47) -- Challenger Memorial Service (1:06) -- Young Astronauts Program (0:20) -- U.S. Airstrike Against Libya (1:09) -- American Business Conference (0:36) -- White House Briefing (0:16) -- Reagan Addresses American Military Personnel (0:52) -- U.S. - U.S.S.R. Arms Meetings (2:14) -- Iran Arms and Contra Aid (2:14) -- American Legislative Exchange Council (0:33) -- Tower Commission Report (2:15) -- Brandenburg Gate (1:26) -- Intermediate-Range Nuclear Forces Treaty (3:10) -- State of the Union, 1988 (0:53) -- Reagan Defends Astrology (1:35) -- Annual Republican Fund-raising Dinner (0:51) -- Reagan Visits Moscow (1:17) -- Royal Institute of International Affairs (0:56) -- Margaret Thatcher Visits the White House (1:49) -- 1988 Republican National Convention (1:36) -- Republican Campaign Rally (0:35) -- Gorbachev Visits New York (0:16) -- Farewell Address (2:12) -- Credits: The Speeches Collection: The Reagan Presidency: Great Communicator Series (0:28)
=506  \\$aAccess requires authentication through Films on Demand.
=520  \\$aThis collection of significant speeches given by Ronald Reagan during his presidency focuses primarily on the Cold War, U.S./Soviet relations, and the Iran-Contra Affair. A part of the series Ronald Reagan: Great Communicator Series, from The WPA Film Library Speeches Collection.
=521  2\$a9 & up.
=538  \\$aMode of access: Internet.
=538  \\$aSystem requirements: FOD playback platform.
=546  \\$aClosed-captioned.
=588  \\$aTitle from distributor's description.
=600  10$aReagan, Ronald.
=650  \0$aHistory, Modern.
=650  \0$aPolitical activists.
=650  \0$aWorld politics$y1969-
=651  \0$aUnited States$xHistory.
=655  \0$aEducational films.
=655  \0$aInternet videos.
=655  \7$aVideorecording.$2local
=710  2\$aFilms for the Humanities & Sciences (Firm)
=710  2\$aFilms Media Group.
=710  2\$aWPA Film Library.
=830  \0$aRonald Reagan: Great Communicator Series
=830  \0$aWPA Film Library Speeches Collection
=856  40$aPart of the Films on Demand collection.$uhttp://ezproxy.fiu.edu/login?url=http://digital.films.com/PortalPlaylists.aspx?aid=24982&xtid=47827$yFIU users: view content here$5FMFIU
=856  4\$uhttp://ezproxy.fgcu.edu/login?url=http://digital.films.com/PortalPlaylists.aspx?aid=21751&xtid=47827$zFGCU: Off-campus access limited to current FGCU students and employees.$yConnect Now$5FFmFGC
=856  40$uhttps://login.proxy.lib.fsu.edu/login?url=http://digital.films.com/PortalPlaylists.aspx?aid=1274&xtid=47827$yFSU: Off-campus access limited to current FSU students & employees$zFOD Subscription$5FTaSU
=830  \0$aFilms on Demand$5FTaSU

