=LDR  03654ngm a2200565Ia 4500
=001  032072791
=005  20140801082126.0
=006  m|||||o||c||||||||
=007  vz|czazuu
=007  cr|cna
=008  130430s2010||||nyu023||||||||o|||vleng|d
=028  40$a49809s$bFilms Media Group
=028  40$a49810$bFilms Media Group
=035  \\$a(FOD)100049810
=035  \\$a100049810
=040  \\$aAzPhAEM
=245  00$aBaron-Cohen$h[electronic resource] :$bAutism /$cVideo Education Australasia.
=246  3\$aAutism
=260  3\$aNew York, N.Y. :$bFilms Media Group,$c[2013], c2010.
=300  \\$a1 streaming video file (23 min.) :$bsd., col.
=490  1\$aCore Studies in Psychology
=490  1\$aFilms on Demand$5FTaSU
=599  \\$a(OCoLC)841533072
=500  \\$aEncoded with permission for digital streaming by Films Media Group on February 06, 2013.
=500  \\$aFilms on Demand is distributed by Films Media Group for Films for the Humanities & Sciences, Cambridge Educational, Meridian Education, and Shopware.
=505  0\$aAutism (1:32) -- Context and Aim (2:17) -- Methodology (2:08) -- Research Design: Autism/Asperger's Typical Population Tourettes (1:25) -- Happes Strange Stories (1:04) -- Two Control Tests: Gender Recognition Basic Emotional Recognition (1:15) -- Sex Differences (0:41) -- Findings and Explanation (2:11) -- Gender and Emotional Recognition (2:05) -- Evaluation: Validity of Eyes Test? Ecological Validity? Ethics? (2:25) -- Implications and Applications (1:19) -- Practical Help (2:02) -- Positive Aspects of Autism (1:39) -- Closing Comments (0:20) -- Credits: Baron-Cohen: Autism - Core Studies in Psychology (0:23)
=506  \\$aAccess requires authentication through Films on Demand.
=520  \\$aIn this program Simon Baron-Cohen, professor of developmental psychopathology and director of Cambridge University's Autism Research Centre, discusses his case study "Another Advanced Test of Theory of Mind" as it relates to people with Asperger's syndrome and other forms of autism. As Baron-Cohen explains the aims and origins of his work, demonstrations of the Sally-Anne test, the Strange Stories test, and the Emotional Recognition test are provided. The video is intercut with footage of children and adults with autism.
=521  2\$a9 & up.
=538  \\$aMode of access: Internet.
=538  \\$aSystem requirements: FOD playback platform.
=588  \\$aTitle from distributor's description.
=650  \0$aCognitive psychology.
=650  \0$aDevelopmental disabilities.
=650  \0$aIntellect.
=650  \0$aPsychology.
=650  \0$aPsychomotor disorders.
=650  \0$aAutism.
=655  \0$aEducational films.
=655  \0$aInternet videos.
=655  \7$aVideorecording.$2local
=710  2\$aFilms for the Humanities & Sciences (Firm)
=710  2\$aFilms Media Group.
=710  2\$aVideo Education Australasia.
=776  0\$iOriginally produced:$dVideo Education Australasia, 2010.
=830  \0$aCore studies in psychology.
=856  40$zPart of the Films on Demand collection.$uhttp://ezproxy.fiu.edu/login?url=http://digital.films.com/PortalPlaylists.aspx?aid=24982&xtid=49810$yFIU users: view content here$5FMFIU
=856  4\$uhttp://ezproxy.fgcu.edu/login?url=http://digital.films.com/PortalPlaylists.aspx?aid=21751&xtid=49810$zFGCU: Off-campus access limited to current FGCU students and employees.$yConnect Now$5FFmFGC
=856  40$uhttps://login.proxy.lib.fsu.edu/login?url=http://digital.films.com/PortalPlaylists.aspx?aid=1274&xtid=49810$yFSU: Off-campus access limited to current FSU students & employees$zFOD Subscription$5FTaSU
=830  \0$aFilms on Demand$5FTaSU

