=LDR  03608ngm a2200517Ia 4500
=001  032073952
=005  20140801085443.0
=006  m|||||o||c||||||||
=007  vz|czazuu
=007  cr|cna
=008  130924s1995||||nyu058||||||||o|||vleng|d
=028  40$a5685$bFilms Media Group
=028  40$a5684s$bFilms Media Group
=035  \\$a(FOD)100005685
=035  \\$a100005685
=040  \\$aAzPhAEM
=245  04$aThe Nature of Human Nature$h[electronic resource] /$cKCET (Television station : Los Angeles, Calif.).
=260  3\$aNew York, N.Y. :$bFilms Media Group,$c[2013], c1995.
=300  \\$a1 streaming video file (58 min.) :$bsd., col.
=490  1\$aThe Human Quest
=490  1\$aFilms on Demand$5FTaSU
=599  \\$a(OCoLC)858998521
=500  \\$aEncoded with permission for digital streaming by Films Media Group on May 10, 2013.
=500  \\$aFilms on Demand is distributed by Films Media Group for Films for the Humanities & Sciences, Cambridge Educational, Meridian Education, and Shopware.
=505  0\$aForces That Shape Us (2:38) -- Our Shared Birth Right (4:58) -- Williams Syndrome (4:31) -- "Motherese" (4:07) -- Natural Selection (3:24) -- Natural Selection: Fashioning Complex Organisms (4:01) -- Natural Selection: Second Darwinian Revolution (3:26) -- Object Permanence (3:14) -- Mental Maps (2:49) -- Mental Maps: Dr. Antonio Damasio (4:41) -- Human Universals (2:28) -- Us Against Them (2:37) -- Sexual Jealousy (2:03) -- Facial Expressions (2:22) -- Universal Human Nature (3:51) -- Sharing a Theme (1:58) -- Credits: The Nature of Human Nature (1:08)
=506  \\$aAccess requires authentication through Films on Demand.
=520  \\$aThis program introduces what series host Roger Bingham calls "the second Darwinian Revolution"-our new understanding of the evolutionary history of the human brain. Evolutionary psychologists believe that the brain, like the body, is a product of natural selection. Our minds can be thought of as a kind of patchwork quilt of successful solutions to the challenges faced by our ancestors over millions of years. Many scientists think that, because of this shared evolutionary history, we are all inheritors of the same legacy: a universal human nature, which explains why people from different cultures have so much in common.
=521  2\$a9 & up.
=538  \\$aMode of access: Internet.
=538  \\$aSystem requirements: FOD playback platform.
=588  \\$aTitle from distributor's description.
=650  \0$aBrain$xPhysiology.
=650  \0$aEvolutionary psychology.
=650  \0$aNervous system.
=655  \0$aEducational films.
=655  \0$aInternet videos.
=655  \7$aVideorecording.$2local
=710  2\$aFilms for the Humanities & Sciences (Firm)
=710  2\$aFilms Media Group.
=710  2\$aKCET (Television station : Los Angeles, Calif.).
=776  0\$iOriginally produced:$dKCET (Television station : Los Angeles, Calif.), 1995.
=830  \0$aHuman Quest.
=856  40$zPart of the Films on Demand collection.$uhttp://ezproxy.fiu.edu/login?url=http://digital.films.com/PortalPlaylists.aspx?aid=24982&xtid=5685$yFIU users: view content here$5FMFIU
=856  4\$uhttp://ezproxy.fgcu.edu/login?url=http://digital.films.com/PortalPlaylists.aspx?aid=21751&xtid=5685$zFGCU: Off-campus access limited to current FGCU students and employees.$yConnect Now$5FFmFGC
=856  40$uhttps://login.proxy.lib.fsu.edu/login?url=http://digital.films.com/PortalPlaylists.aspx?aid=1274&xtid=5685$yFSU: Off-campus access limited to current FSU students & employees$zFOD Subscription$5FTaSU
=830  \0$aFilms on Demand$5FTaSU

