=LDR  04205ngm a2200673Ia 4500
=001  032074697
=005  20140804075905.0
=006  m||||||||c||||||||
=007  cr|cnannnuuuuu
=007  vz|czazuu
=008  101228s2009||||nyu050||||||||o|||vleng|d
=028  40$a40341s$bFilms Media Group
=028  40$a40342$bFilms Media Group
=035  \\$a(FOD)100040342
=035  \\$a100040342
=040  \\$aAzPhAEM
=041  1\$aeng$jeng
=245  02$aA Vision of the world$h[electronic resource] :$bAlbert Kahn's archive of the planet /$cBBC Worldwide Ltd.
=246  3\$aAlbert Kahn's archive of the planet
=260  3\$aNew York, N.Y. :$bFilms Media Group,$c[2009], c2008.
=300  \\$a1 streaming video file (50 min.) :$bsd., col., digital file.
=490  1\$aThe Wonderful World of Albert Kahn
=490  1\$aFilms on Demand$5FTaSU
=599  \\$a(OCoLC)741359608
=500  \\$aEncoded with permission for digital streaming by Films Media Group on June 03, 2009.
=500  \\$aFilms on Demand is distributed by Films Media Group for Films for the Humanities & Sciences, Cambridge Educational, Meridian Education, and Shopware.
=505  0\$aDawn of the 20th Century: Albert Kahn (3:40) -- Rise of Albert Kahn, French Businessman (3:02) -- Albert Kahn: Internationalist and Peace Ambassador (3:31) -- Rise of Technology in France (4:41) -- Portrait of Global Cultural Life (3:07) -- Film Images from Dawn of 20th Century (4:00) -- Photographic Preservation of History (3:12) -- Photographs of Ireland (5:24) -- Cultural Change in Ireland (3:40) -- Irish History on Film (3:42) -- Nostalgia and Photography (3:23) -- London in 1913 (4:37)
=506  \\$aAccess requires authentication through Films on Demand.
=520  \\$aA peace-loving man with a decidedly global perspective, Albert Kahn spent most of his life and wealth trying to expand Western understanding of other cultures-largely through film and photography. This program delves into Kahn's origins and formative years and the launch of his Archive of the Planet project. Topics include Kahn's Jewish ancestry and Alsacian upbringing; his early success in finance; his admiration of Japanese art and customs; the development of autochrome photography by the Lumiere brothers; Marguerite Mespoulet's colorful documentation of Ireland's vanishing Celtic traditions; and Kahn's expedition to Cornwall and London with August Leon. A BBC/Musee Albert-Kahn (Departement des Hauts-de-Seine-France) Co-production.
=521  2\$a11 & up.
=538  \\$aMode of access: Internet.
=538  \\$aSystem requirements: FOD playback platform.
=546  \\$aClosed-captioned.
=588  \\$aTitle from distributor's description.
=600  10$aKahn, Albert,$d1860-1940.
=650  \0$aArt$xPolitical aspects.
=650  \0$aCulture.
=650  \0$aGlobalization.
=650  \0$aMass media$xPolitical aspects.
=650  \0$aPhotography$xHistory.
=650  \0$aPhotography, Artistic.
=650  \0$aPolitical planning.
=650  \0$aSocial change.
=650  \0$aSocial structure.
=650  \0$aWorld history$xStudy and teaching.
=651  \0$aEurope$xHistory$xStudy and teaching.
=651  \0$aEurope$xHistory$y20th century.
=655  \0$aEducational films.
=655  \0$aInternet videos.
=655  \7$aVideorecording.$2local
=710  2\$aBBC Worldwide Ltd.
=710  2\$aFilms for the Humanities & Sciences (Firm)
=710  2\$aFilms Media Group.
=776  08$iOriginally produced:$dBBC Worldwide Ltd., 2009$z9781608256266
=830  \0$aWonderful World of Albert Kahn.
=856  40$zPart of the Films on Demand collection.$uhttp://ezproxy.fiu.edu/login?url=http://digital.films.com/PortalPlaylists.aspx?aid=24982&xtid=40342$yFIU users: view content here$5FMFIU
=856  4\$uhttp://ezproxy.fgcu.edu/login?url=http://digital.films.com/PortalPlaylists.aspx?aid=21751&xtid=40342$zFGCU: Off-campus access limited to current FGCU students and employees.$yConnect Now$5FFmFGC
=856  40$uhttps://login.proxy.lib.fsu.edu/login?url=http://digital.films.com/PortalPlaylists.aspx?aid=1274&xtid=40342$yFSU: Off-campus access limited to current FSU students & employees$zFOD Subscription$5FTaSU
=830  \0$aFilms on Demand$5FTaSU

