=LDR  02918ngm a2200505Ia 4500
=001  032075529
=005  20140804082023.0
=006  m||||||||c||||||||
=007  cr|cnannnuuuuu
=007  vz|czazuu
=008  111016s2011||||nyu023||||||||o|||vleng|d
=028  40$a42397s$bFilms Media Group
=028  40$a42406$bFilms Media Group
=035  \\$a(FOD)100042406
=035  \\$a100042406
=040  \\$aAzPhAEM
=245  00$aBreakout from Normandy$h[electronic resource] /$cArts and Entertainment Network.
=260  \\$aNew York, N.Y. :$bFilms Media Group,$c[2011], c1997.
=300  \\$a1 streaming video file (23 min.) :$bsd., col., digital file.
=490  1\$aBattleline
=490  1\$aFilms on Demand$5FTaSU
=599  \\$a(OCoLC)793861967
=500  \\$aEncoded with permission for digital streaming by Films Media Group on June 12, 2011.
=500  \\$aFilms on Demand is distributed by Films Media Group for Films for the Humanities & Sciences, Cambridge Educational, Meridian Education, and Shopware.
=505  0\$aLost Evidence of Normandy (1:37) -- Caen: July 10, 1944 (1:41) -- Code Name: Overlord (1:47) -- The Bocage (2:46) -- Operation Jupiter (3:22) -- Battle for Eterville and Maltot (3:06) -- Battle for Hill 112 (5:21) -- Operation Goodwood (0:56) -- American Forces in the Bocage (1:46) -- St Lo and Operation Cobra (2:16) -- Operation Cobra (3:09) -- American Breakthrough in Normandy (3:35) -- Bombers Obliterate German Line in Normandy (3:33) -- Battle at Avranches (2:23) -- Battle at Pontaubault (1:40) -- Invasion of Brittany (3:43) -- Wrap Up and Credits: Breakout from Normandy (1:50)
=506  \\$aAccess requires authentication through Films on Demand.
=521  2\$a6 & up.
=538  \\$aMode of access: Internet.
=538  \\$aSystem requirements: FOD playback platform.
=588  \\$aTitle from distributor's description.
=650  \0$aBattles.
=650  \0$aDeterrence (Strategy).
=650  \0$aMilitary art and science.
=650  \0$aMilitary weapons.
=655  \0$aEducational films.
=655  \0$aInternet videos.
=655  \7$aVideo recording.$2local
=710  2\$aArts and Entertainment Network.
=710  2\$aFilms for the Humanities & Sciences (Firm)
=710  2\$aFilms Media Group.
=830  \0$aBattleline
=856  40$zPart of the Films on Demand collection.$uhttp://ezproxy.fiu.edu/login?url=http://digital.films.com/PortalPlaylists.aspx?aid=24982&xtid=42406$yFIU users: view content here$5FMFIU
=856  4\$uhttp://ezproxy.fgcu.edu/login?url=http://digital.films.com/PortalPlaylists.aspx?aid=21751&xtid=42406$zFGCU: Off-campus access limited to current FGCU students and employees.$yConnect Now$5FFmFGC
=856  40$uhttps://login.proxy.lib.fsu.edu/login?url=http://digital.films.com/PortalPlaylists.aspx?aid=1274&xtid=42406$yFSU: Off-campus access limited to current FSU students & employees$zFOD Subscription$5FTaSU
=830  \0$aFilms on Demand$5FTaSU

