=LDR  04062ngm a2200589Ia 4500
=001  032075858
=005  20150130181750.0
=006  m||||||||c||||||||
=007  cr|cnannnuuuuu
=007  vz|czazuu
=008  111121s2011||||nyu038||||||||o|||vleng|d
=028  40$a43781s$bFilms Media Group
=028  40$a43782$bFilms Media Group
=035  \\$a(FOD)100043782
=035  \\$a100043782
=040  \\$aAzPhAEM
=245  00$aBudgeting and Financial Decision-Making$h[electronic resource] /$cMeridian Education Corporation.
=260  \\$aNew York, N.Y. :$bFilms Media Group,$c[2011], c2011.
=300  \\$a1 streaming video file (38 min.) :$bsd., col., digital file.+$einstructional materials (online)
=490  1\$aPersonal Finance Essentials: Financial Literacy for Young Earners
=490  1\$aFilms on Demand$5FTaSU
=599  \\$a(OCoLC)798364721
=500  \\$aEncoded with permission for digital streaming by Films Media Group on October 02, 2011.
=500  \\$aFilms on Demand is distributed by Films Media Group for Films for the Humanities & Sciences, Cambridge Educational, Meridian Education, and Shopware.
=505  0\$aDecision-Making Methods (4:51) -- Setting Financial Goals (2:04) -- Budgeting: Income & Expenses (3:17) -- Understanding Insurance (3:37) -- Premiums and Deductibles (5:29) -- Buying vs. Leasing or Renting (3:24) -- Buying vs. Renting a Home (3:37) -- Consumer Rights and Scams (3:42) -- Wireless Protection (1:59) -- Identity Protection (2:36) -- Credits: Budgeting and Financial Decision-Making (1:08)
=506  \\$aAccess requires authentication through Films on Demand.
=520  \\$aThis program gives students a solid grounding in a variety of real-life money matters: it provides financial decision-making methods, advises on consumer concerns such as buying versus renting, outlines insurance types and terminology, and discusses the financial scams that students are most likely to encounter. Reviewing the critical concepts of impulse buying and opportunity cost, the video also demonstrates how to set goals and create a budget based on the 50/30/20 plan. Highlights include graphical breakdowns of the PMI and PACED decision-making methods, maintaining wireless Internet security to avoid identity theft, and a realistic way to choose when faced with a not-so-simple yes-or-no financial decision.
=521  2\$a8 & up.
=538  \\$aMode of access: Internet.
=538  \\$aSystem requirements: FOD playback platform.
=588  \\$aTitle from distributor's description.
=650  \0$aAging$xEconomic aspects.
=650  \0$aAutonomy.
=650  \0$aConsumer education.
=650  \0$aFinance, personal.
=650  \0$aLiving alone.
=650  \0$aOlder people$xEconomic conditions.
=650  \0$aStrategic planning.
=650  \0$aSuccess.
=655  \0$aEducational films.
=655  \0$aInternet videos.
=655  \7$aVideorecording.$2local
=710  2\$aFilms for the Humanities & Sciences (Firm)
=710  2\$aFilms Media Group.
=710  2\$aMeridian Education Corporation.
=776  0\$iOriginally produced:$dMeridian Education Corporation., 2011$z9781617339493
=830  \0$aPersonal finance essentials.$pFinancial literacy for young earners
=856  40$zPart of the Films on Demand collection.$uhttp://ezproxy.fiu.edu/login?url=http://digital.films.com/PortalPlaylists.aspx?aid=24982&xtid=43782$yFIU users: view content here$5FMFIU
=856  40$uhttp://ezproxy.fgcu.edu/login?url=http://digital.films.com/PortalPlaylists.aspx?aid=21751&xtid=43782$zFGCU: Off-campus access limited to current FGCU students and employees.$yConnect Now$5FFmFGC
=856  40$uhttps://login.proxy.lib.fsu.edu/login?url=http://digital.films.com/PortalPlaylists.aspx?aid=1274&xtid=43782$yFSU: Off-campus access limited to current FSU students & employees$zFOD Subscription$5FTaSU
=830  \0$aFilms on Demand$5FTaSU
=856  40$uhttp://famuproxy.fcla.edu/login?url=http://digital.films.com/PortalPlaylists.aspx?aid=19804&xtid=43782$yFAMU: Off-campus access limited to current FAMU students & employees$5FTaFA

