=LDR  03858ngm a2200541Ia 4500
=001  032076208
=005  20140804083856.0
=006  m||||||||c||||||||
=007  cr|cnannnuuuuu
=007  vz|czazuu
=008  120320s2004||||nyu060||||||||o|||vleng|d
=028  40$a43636s$bFilms Media Group
=028  40$a43734$bFilms Media Group
=035  \\$a(FOD)100043734
=035  \\$a100043734
=040  \\$aAzPhAEM
=090  \\$aML1711.8.N3$bS9 2011 (online)
=245  00$aSyncopated city$h[electronic resource] :$b1919-1933 /$cPublic Broadcasting Service (U.S.).
=246  30$a1919-1933
=260  \\$aNew York, N.Y. :$bFilms Media Group,$c[2011], c2004.
=300  \\$a1 streaming video file (60 min.) :$bsd., col., digital file.
=490  1\$aBroadway: The American Musical
=490  1\$aFilms on Demand$5FTaSU
=599  \\$a(OCoLC)783245659
=500  \\$aEncoded with permission for digital streaming by Films Media Group on November 30, 2011.
=500  \\$aFilms on Demand is distributed by Films Media Group for Films for the Humanities & Sciences, Cambridge Educational, Meridian Education, and Shopware.
=505  0\$aWelcome to the Schubert Theater (0:45) -- Broadway in the Twenties (1:43) -- Golden Age of Musical Comedy (2:00) -- Changing American Woman (2:45) -- Marilyn Miller - Jazz Age Cinderella (3:44) -- The Musical Review (2:41) -- Al Jolson & Blackface (4:32) -- Eubie Blake (4:05) -- Harlem & Broadway (3:28) -- "Runnin' Wild" (1:37) -- George Gershwin (4:47) -- Ira Gershwin (3:06) -- The Big Apple - Walter Winchell (3:35) -- Rodgers & Hart (4:25) -- Optimism of Broadway (3:00) -- "You Ain't Heard Nothin' Yet" (2:03) -- Stock Market Crashes (2:00) -- Hollywood Absorbs Broadway (2:39) -- Myth of Broadway (1:28) -- Credits: Syncopated City (1919-1933) (2:03)
=506  \\$aAccess requires authentication through Films on Demand.
=520  \\$aTaking viewers back to the Roaring Twenties, this program examines the Broadway of the Jazz Age-the era of Runnin' Wild, George White Scandals, and Shuffle Along, which helped reopen Broadway's doors to African-American artists. The film also features unique talents like the Marx Brothers, Al Jolson, the Gershwin brothers, and the songwriting team of Richard Rodgers and Lorenz Hart. But the one-two punch of the talking picture and the 1929 stock market crash help illustrate how and why Broadway suffered a massive talent exodus to Hollywood. Interviewees include actress Carol Channing, the Gershwins' sister Frances Gershwin Godowsky, Al Jolson & Co. creator Stephen Mo Hanan, New Yorker theater critic John Lahr, music critic Jonathan Schwartz, theater historians Max Wilk and Robert Kimball, and director and producer George C. Wolfe. Highlights include rare performance footage of composer Eubie Blake and a segment of Rodgers and Hart's 1927 hit "Thou Swell" from A Connecticut Yankee.
=521  2\$a6 and up.
=538  \\$aMode of access: Internet.
=538  \\$aSystem requirements: FOD playback platform.
=588  \\$aTitle from distributor's description.
=650  \0$aAfrican American actors$xHistory.
=650  \0$aJazz$xHistory and criticism.
=650  \0$aMusic theater.
=650  \0$aMusic$y20th century$xHistory and criticism.
=650  \0$aNineteen twenties.
=650  \0$aTheater$xProduction and direction.
=655  \0$aEducational films.
=655  \0$aInternet videos.
=710  2\$aFilms for the Humanities & Sciences (Firm)
=710  2\$aFilms Media Group.
=710  2\$aPublic Broadcasting Service (U.S.)
=776  0\$iOriginally produced:$dPublic Broadcasting Service (U.S.), 2004.
=830  \0$aBroadway, the American musical.
=856  40$yUCF: Click here for THIS VIDEO from FMG on Demand$uhttp://ezproxy.net.ucf.edu/login?url=http://digital.films.com/PortalPlaylists.aspx?aid=1123&xtid=43734$5FOFT
=830  \0$aFilms on Demand$5FTaSU

