=LDR  03828ngm a2200613Ia 4500
=001  032078129
=005  20140804092903.0
=006  m||||||||c||||||||
=007  cr|cnannnuuuuu
=007  vz|czazuu
=008  120408s2008||||nyu054||||||||o|||vleng|d
=028  40$a40955s$bFilms Media Group
=028  40$a40959$bFilms Media Group
=035  \\$a(FOD)100040959
=035  \\$a100040959
=040  \\$aAzPhAEM
=041  1\$aeng$jeng
=245  00$aAfrican-American Lives 2$h[electronic resource] :$bThe Past Is Another Country /$cPublic Broadcasting Service (U.S.).
=246  30$aPast Is Another Country
=260  \\$aNew York, N.Y. :$bFilms Media Group,$c[2009], c2008.
=300  \\$a1 streaming video file (54 min.) :$bsd., col., digital file.
=490  1\$aAfrican-American Lives 2
=490  1\$aFilms on Demand$5FTaSU
=599  \\$a(OCoLC)700415589
=500  \\$aFilms on Demand is distributed by Films Media Group for Films for the Humanities & Sciences, Cambridge Educational, Meridian Education, and Shopware.
=500  \\$aEncoded with permission for digital streaming by Films Media Group on November 06, 2009.
=505  0\$aIntroduction: The Past is Another Country (3:13) -- Genetic Testing for Ancestry (3:03) -- Europeans Ancestry (4:12) -- Biracial Parents (3:59) -- Native American Ancestry (3:04) -- Inventing a Past (2:22) -- Ireland's Ancient Seat of Kings (3:49) -- Jewish Ancestry (1:36) -- Outdated Race Labels (3:44) -- You are What You Have to Defend (1:59) -- Detailed Shipping Records (1:37) -- Tracing African Roots (3:35) -- Searching for African Heritage (6:13) -- How the Slaves were Captured (2:17) -- Reversing the Middle Passage (5:05) -- Branches Without Roots (1:35)
=506  \\$aAccess requires authentication through Films on Demand.
=520  \\$aThe science of genetics has created an exciting new dimension in the study of black history and heritage. In this program, DNA analysis leads to fascinating discoveries about the lineages of participants-and the ancestry of host Henry Louis Gates, Jr., himself. A groundbreaking study links Professor Gates to a powerful ancient Irish warlord, while genetic evidence suggests that Peter Gomes' direct paternal line reaches back to a Portuguese Jew who fled the country in the early 1500s to escape the Inquisition.
=521  2\$a11 & up.
=538  \\$aSystem requirements: FOD playback platform.
=538  \\$aMode of access: Internet.
=546  \\$aClosed-captioned.
=588  \\$aTitle from distributor's description.
=650  \0$aAfrican Americans$xHistory.
=650  \0$aEthnicity.
=650  \0$aGenetics.
=650  \0$aHeredity, Human.
=650  \0$aHistory$xStudy and teaching.
=650  \0$aMulticulturalism.
=650  \0$aRace discrimination.
=655  \0$aEducational films.
=655  \0$aInternet videos.
=655  \7$aVideorecording.$2local
=700  1\$aGates, Henry Louis,$cJr.
=710  2\$aFilms for the Humanities & Sciences (Firm)
=710  2\$aFilms Media Group.
=710  2\$aPublic Broadcasting Service (U.S.)
=776  0\$iOriginally produced:$dPublic Broadcasting Service (U.S.), 2008.
=830  \0$aAfrican American lives ;$v2
=856  \\$zPart of the Films on Demand collection.$uhttp://ezproxy.fiu.edu/login?url=http://digital.films.com/PortalPlaylists.aspx?aid=24982&xtid=40959$yFIU users: view content here$5FMFIU
=856  \\$uhttp://ezproxy.fgcu.edu/login?url=http://digital.films.com/PortalPlaylists.aspx?aid=21751&xtid=40959$zFGCU: Off-campus access limited to current FGCU students and employees.$yConnect Now$5FFmFGC
=856  40$uhttps://login.proxy.lib.fsu.edu/login?url=http://digital.films.com/PortalPlaylists.aspx?aid=1274&xtid=40959$yFSU: Off-campus access limited to current FSU students & employees$zFOD Subscription$5FTaSU
=830  \0$aFilms on Demand$5FTaSU

