=LDR  03968ngm a2200505Ia 4500
=001  032078708
=005  20150130182615.0
=006  m||||||||c||||||||
=007  vz|czazuu
=007  cr|cnannnuuuuu
=008  121104s2010||||nyu023||||||||o|||vleng|d
=028  40$a47502s$bFilms Media Group
=028  40$a47508$bFilms Media Group
=035  \\$a(FOD)100047508
=035  \\$a100047508
=040  \\$aAzPhAEM
=041  0\$aeng$heng
=245  00$aTravel$h[electronic resource] :$bHow to Take Stunning Photos /$cLearning Zone Express (Firm)
=246  3\$aHow to Take Stunning Photos
=260  3\$aNew York, N.Y. :$bFilms Media Group,$c[2012], c2010.
=300  \\$a1 streaming video file (23 min.) :$bsd., col., digital file.
=490  1\$aTravel: How to Take Stunning Photos
=490  1\$aFilms on Demand$5FTaSU
=599  \\$a(OCoLC)815690469
=500  \\$aFilms on Demand is distributed by Films Media Group for Films for the Humanities & Sciences, Cambridge Educational, Meridian Education, and Shopware.
=505  0\$aIntroduction: Travel: How to Take Stunning Photos (1:09) -- Photographer: Martin Parr (3:18) -- Take a Fresh Look (1:32) -- Take Lots of Pictures (1:05) -- Avoid Cliches (2:03) -- Engage With Your Subject (0:36) -- Be Bold (2:03) -- Robin and Susie Get Snapping (4:21) -- Selecting a Favorite (2:11) -- Review and Parting Tips for Taking Travel Photos (4:11) -- Credits: Travel: How to Take Stunning Photos (0:33) -- Introduction: Travel: How to Take Stunning Photos (1:09) -- Photographer: Martin Parr (3:18) -- Take a Fresh Look (1:32) -- Take Lots of Pictures (1:05) -- Avoid Cliches (2:03) -- Engage With Your Subject (0:36) -- Be Bold (2:03) -- Robin and Susie Get Snapping (4:21) -- Selecting a Favorite (2:11) -- Review and Parting Tips for Taking Travel Photos (4:11) -- Credits: Travel: How to Take Stunning Photos (0:33)
=506  \\$aAccess requires authentication through Films on Demand.
=520  \\$aThe typical tourist snapshot rarely does justice to exotic locations or unfamiliar surroundings. Determined to put a stop to this trend, photojournalist and documentary filmmaker Martin Parr guides a class of amateurs through the art of taking memorable vacation photos. Martin uses his own witty photographic observations of tourism as a starting point to show his students how to turn mundane views into extraordinary perspectives. Topics include engaging with local people, emphasizing certain emotions, avoiding cliches, telling a story, considering differences and similarities with one's home environment, deciding whether to focus on details or the "big picture," and more.
=521  2\$a9 & up.
=538  \\$aMode of access: Internet.
=538  \\$aSystem requirements: FOD playback platform.
=588  \\$aTitle from distributor's description.
=650  \0$aTravel photography.
=655  \0$aEducational films.
=655  \0$aInternet videos.
=655  \7$aVideorecording.$2local
=710  2\$aFilms for the Humanities & Sciences (Firm)
=710  2\$aFilms Media Group.
=710  2\$aLearning Zone Express (Firm)
=830  \0$aHow to Take Stunning Photos.
=856  40$zPart of the Films on Demand collection.$uhttp://ezproxy.fiu.edu/login?url=http://digital.films.com/PortalPlaylists.aspx?aid=24982&xtid=47508$yFIU users: view content here$5FMFIU
=856  4\$uhttp://ezproxy.fgcu.edu/login?url=http://digital.films.com/PortalPlaylists.aspx?aid=21751&xtid=47508$zFGCU: Off-campus access limited to current FGCU students and employees.$yConnect Now$5FFmFGC
=856  40$uhttps://login.proxy.lib.fsu.edu/login?url=http://digital.films.com/PortalPlaylists.aspx?aid=1274&xtid=47508$yFSU: Off-campus access limited to current FSU students & employees$zFOD Subscription$5FTaSU
=830  \0$aFilms on Demand$5FTaSU
=856  4\$uhttp://famuproxy.fcla.edu/login?url=http://digital.films.com/PortalPlaylists.aspx?aid=19804&xtid=47508$yFAMU: Off-campus access limited to current FAMU students & employees$5FTaFA

