=LDR  04026ngm a2200493Ia 4500
=001  032079429
=005  20140804100601.0
=006  m|||||o||c||||||||
=007  vz|czazuu
=007  cr|cnannnuuuuu
=008  121202s1987||||nyu060||||||||o|||vleng|d
=028  40$a4905s$bFilms Media Group
=028  40$a4906$bFilms Media Group
=035  \\$a(FOD)100004906
=035  \\$a100004906
=040  \\$aAzPhAEM
=245  00$aIn the Beginning$h[electronic resource] /$cPublic Affairs Television (Firm).
=260  3\$aNew York, N.Y. :$bFilms Media Group,$c[2012], c1987
=300  \\$a1 streaming video file (60 min.) :$bsd., col, digital file.
=490  1\$aIn Search of the Constitution
=490  1\$aFilms on Demand$5FTaSU
=599  \\$a(OCoLC)819784251
=500  \\$aEncoded with permission for digital streaming by Films Media Group on May 24, 2012.
=500  \\$aFilms on Demand is distributed by Films Media Group for Films for the Humanities & Sciences, Cambridge Educational, Meridian Education, and Shopware.
=505  0\$aPerspectives on the Constitution (2:06) -- Introduction to Events of 1787 (2:53) -- Heat at Constitutional Convention (2:23) -- Hamilton's Convention Speech (1:54) -- Constitution as Defense of Property (1:10) -- Framers' Intelligence (1:33) -- Panic over Shays' Rebellion (2:20) -- Conditions Making Possible Success (1:24) -- Acceptance of Slavery (2:38) -- Judiciary (2:33) -- Limited Government (2:05) -- New Convention Not the Solution (1:39) -- Physical Constitution (2:33) -- Constitution as Means to End (2:25) -- Constitution and Economic Revival (1:14) -- Secrecy of Convention (2:17) -- Presidential Power (2:12) -- Technology Changes Politics (2:07) -- Danger of Complacency (2:11) -- Marshall Remanding Slaves (1:48) -- Marshall Backs Slavery Against State Sovereignty (2:00) -- Race and Marshall's Worldview (1:40) -- Black Exclusion from Founding (1:21) -- Constitution, Slavery and Progress (2:03) -- Slavery and Sanctity of Property (1:37) -- Capital in Slave Territory (1:29) -- Freedom to Own Slaves (2:13) -- Black Faith in the Constitution (1:52) -- Sponsors & Credits: In the Beginning (1:38)
=506  \\$aAccess requires authentication through Films on Demand.
=520  \\$aThis program features discussions with three prominent historians about the roots of the Constitution and its impact on our society since its writing. Michael Kammen, Pulitzer Prize winner and professor of history at Cornell University, discusses the Constitution's place and role as a symbol in American life; Forrest McDonald, professor of history at the University of Alabama, talks about the intellectual origins of the Constitution; and Dr. Olive Taylor, professor of history at Howard University, discusses black Americans and others who were not part of the Constitution.
=521  2\$a9 & up.
=538  \\$aMode of access: Internet.
=538  \\$aSystem requirements: FOD playback platform.
=588  \\$aTitle from distributor's description.
=610  10$aUnited States.$tConstitution.
=650  \0$aConstitutional history.
=651  \0$aUnited States$xHistory$yRevolution, 1775-1783.
=655  \0$aEducational films.
=655  \0$aInternet videos.
=655  \7$aVideorecording.$2local
=710  2\$aFilms for the Humanities & Sciences (Firm)
=710  2\$aFilms Media Group.
=830  \0$aIn search of the constitution.
=856  40$zPart of the Films on Demand collection.$uhttp://ezproxy.fiu.edu/login?url=http://digital.films.com/PortalPlaylists.aspx?aid=24982&xtid=4906$yFIU users: view content here$5FMFIU
=856  4\$uhttp://ezproxy.fgcu.edu/login?url=http://digital.films.com/PortalPlaylists.aspx?aid=21751&xtid=4906$zFGCU: Off-campus access limited to current FGCU students and employees.$yConnect Now$5FFmFGC
=856  40$uhttps://login.proxy.lib.fsu.edu/login?url=http://digital.films.com/PortalPlaylists.aspx?aid=1274&xtid=4906$yFSU: Off-campus access limited to current FSU students & employees$zFOD Subscription$5FTaSU
=830  \0$aFilms on Demand$5FTaSU

