=LDR  01846cam a2200409Ia 4500
=001  032080328
=005  20131211113731.0
=006  m\\\\\o\\d\\\\\\\\
=007  cr\un|||||||||
=008  031204s2001\\\\waua\\\\ob\\\\101\0\eng\d
=035  \\$a(OCoLC)53836413
=040  \\$aSPIED$cSPIED$dOCLCQ
=049  \\$aFTUU
=050  \4$aR857.O59$bO68 2001
=092  0\$a610/.28$221
=096  \\$aQT 36$bO613 2001
=245  00$aOptical fibers and sensors for medical applications$h[electronic resource] :$b20-21 January 2001, San Jose, USA /$cIsrael Gannot, chair/editor ; sponsored ... by SPIE--the International Society for Optical Engineering.
=260  \\$aBellingham, Wash., USA :$bSPIE,$cc2001.
=300  \\$a1 online resource (vii, 190 p.) :$bill.
=490  1\$aProgress in biomedical optics and imaging,$x1605-7422 ;$vv. 2, no. 10
=490  1\$aProceedings of SPIE ;$vv. 4253
=504  \\$aIncludes bibliographical references and index.
=530  \\$aAlso available in print.
=650  \0$aOptical fibers in medicine$vCongresses.
=650  \0$aOptical wave guides$vCongresses.
=650  \0$aBiosensors$vCongresses.
=650  \0$aLasers in medicine$vCongresses.
=650  12$aBiomedical Engineering$vCongresses.
=650  22$aBiosensing Techniques$vCongresses.
=650  22$aFiber Optics$vCongresses.
=650  22$aLasers$vCongresses.
=700  1\$aGannot, Israel.
=710  2\$aSociety of Photo-optical Instrumentation Engineers.
=776  1\$cOriginal$z0819439312$w(DLC) 2001275698$w(OCoLC)47646350
=830  \0$aProgress in biomedical optics and imaging ;$vv. 2, no. 10.$x1605-7422
=830  \0$aProceedings of SPIE--the International Society for Optical Engineering ;$vv. 4253.
=856  40$yUCF: Click here for ONLINE ACCESS$uhttps://login.ezproxy.net.ucf.edu/login?url=http://link.spie.org/PSISDG/4253/1$zSPIE Digital Library$5FOFT

