=LDR  02162cam a2200421Ii 4500
=001  032215191
=005  20140115110739.0
=008  130409s2013\\\\enka\\\\\b\\\\001\0\eng\d
=015  \\$aGBB342674$2bnb
=020  \\$a9780199639533 (cloth)
=020  \\$a0199639531 (cloth)
=035  \\$a(OCoLC)858076801
=040  \\$aNLE$beng$erda$cNLE$dOCLCO$dYDXCP$dUAT$dIPL$dSNK$dFTU
=049  \\$aFTUU
=050  \4$aQC482.S3$bS89 2013
=082  04$a572.33$223
=100  1\$aSvergun, D. I.$q(Dmitriĭ Ivanovich)$eauthor.
=245  10$aSmall angle X-ray and neutron scattering from solutions of biological macromolecules /$cDmitri I. Svergun, Michel H.J. Koch, Peter A. Timmins, Roland P. May.
=250  \\$aFirst edition.
=264  \1$aOxford ;$aNew York :$bOxford University Press,$c2013.
=300  \\$aix, 358 pages :$billustrations ;$c26 cm.
=336  \\$atext$2rdacontent
=336  \\$astill image$2rdacontent
=337  \\$aunmediated$2rdamedia
=338  \\$avolume$2rdacarrier
=490  1\$aIUCr texts on crystallography ;$v19
=490  1\$aOxford science publications
=504  \\$aIncludes bibliographical references and indexes.
=520  \\$aIn this book, following the presentation of the basics of scattering from isotropic macromolecular solutions, modern instrumentation, experimental practice, and advanced analysis techniques are explained. Advantages of X-rays (rapid data collection, small sample volumes) and of neutrons (contrast variation by hydrogen/deuterium exchange) are specifically highlighted. Examples of applications of the technique to different macromolecular systems are considered with specific emphasis on the synergistic use of SAXS/SANS with other structural, biophysical, and computational techniques. -- Book Jacket.
=650  \0$aMacromolecules$xStructure.
=650  \0$aMacromolecules$xMeasurement.
=650  \0$aX-rays$xScattering.
=650  \0$aNeutrons$xScattering.
=700  1\$aKoch, Michel H. J.,$eauthor.
=700  1\$aTimmins, Peter A,$eauthor.
=700  1\$aMay, Roland P.,$eauthor.
=830  \0$aInternational Union of Crystallography texts on crystallography ;$v19.
=830  \0$aOxford science publications.

