=LDR  02837nam a2200505 ia45c0
=005  20140818124100.0
=006  m\\\\f\\\d\\\\\\\\
=007  cr\|n|||||||||
=008  130807s1956\\\\dcua\\\\ob\\\\000\0\eng\d
=035  \\$accn00403619
=040  \\$erda
=043  \\$acl-----$an-us---
=049  \\$aFSU-L
=049  \\$aUF-L
=049  \\$aFAMU-L
=049  \\$aFIU-L
=050  \4$aHC125$b.T43 1956
=245  00$aTechnical cooperation in Latin America--recommendations for the future /$cby the NPA Special Policy Committee on Technical Cooperation.
=264  \1$aWashington, D.C. :$bNational Planning Association,$c[1956]
=264  \2$a[Getzville, NY] :$bWilliam S. Hein & Company,$c[2013]
=300  \\$a1 online resource (xii, 192 pages) :$billustrations
=336  \\$atext$2rdacontent
=337  \\$acomputer$2rdamedia
=338  \\$aonline resource$2rdacarrier
=490  1\$aHeinOnline world constitutions illustrated
=490  1\$aNPA reports on technical cooperation in Latin America
=588  \\$aDescription based on print version record.
=500  \\$a"June, 1956"--T.p. verso.
=504  \\$aIncludes bibliographical references (pages 138-141).
=650  10$aTechnical assistance, American$zLatin America.
=655  \0$aElectronic books.
=710  2\$aNational Planning Association.$bSpecial Policy Committee on Technical Cooperation,$eissuing body.
=776  08$cOriginal$w(DLC) 56011004
=830  \0$aWorld constitutions illustrated.
=830  \0$aTechnical cooperation in Latin America.
=852  8\$aFTaSU-L$bFSLAW$cELEC
=852  \\$aFU-L$bUFER$cLAW
=852  8\$aFlOrFAM$bAMLAW$cLAEL$hOnline
=852  0\$aFlMiFIUC$bFILAW$cELR$hHC125
=856  40$uhttps://login.proxy.lib.fsu.edu/login?url=http://www.heinonline.org/HOL/Page?handle=hein.cow/tecoolar0001&id=1&size=2&collection=cow&index=cow$3HeinOnline World Constitutions Illustrated$yFSU: Off-campus access limited to current FSU students & employees$5FTaSU
=856  40$uhttp://www.heinonline.org/HOL/Page?handle=hein.cow/tecoolar0001&id=1&size=2&collection=cow&index=cow$3HeinOnline World Constitutions Illustrated$yUF: Off-campus access limited to current UF students & employees$5FU
=856  40$uhttp://ezproxy.amu.edu/login?url=http://www.heinonline.org/HOL/Page?handle=hein.cow/tecoolar0001&id=1&size=2&collection=cow&index=cow$3HeinOnline World Constitutions Illustrated$yFAMU: Off-campus access limited to current FSU students & employees$5FTaFA
=856  40$uhttp://ezproxy.fiu.edu/login?url=http://www.heinonline.org/HOL/Page?handle=hein.cow/tecoolar0001&id=1&size=2&collection=cow&index=cow$3HeinOnline World Constitutions Illustrated$yFIU users: view content here$5FMFIU
=949  \\$aHC 125 .T43 1956$wLC$c1$i403619-2001$d8/29/2013$lMAIN$mHEN$q1$rY$sY$tWEB$u8/29/2013$xENG$zCL
=997  \\$a(c)2013 Cassidy Cataloguing Services, Inc.

