=LDR  02230cam a2200445 ia45c0
=005  20140129110300.0
=006  m\\\\fo\\d\f\\\\\\
=007  cr\bn\nnnauuuu
=008  131116s2003\\\\dcu\\\\\ob\\\f000\0\eng\d
=035  \\$accn00416217
=040  \\$erda
=043  \\$an-us---
=049  \\$aFSU-L
=049  \\$aUF-L
=050  \4$aZ663.6$b.F53 2003a
=100  1\$aBickley, James M.,$eauthor.
=245  10$aFlat tax proposals and fundamental tax reform :$ban overview /$cJames M. Bickley.
=264  \1$a[Washington, District of Columbia] :$bCongressional Research Service,$c[2003]
=264  \2$a[Buffalo, New York] :$bWilliam S. Hein & Company,$c[between 2009 and 2013?]
=300  \\$a1 online resource (12 pages).
=336  \\$atext$2rdacontent
=337  \\$acomputer$2rdamedia
=338  \\$aonline resource$2rdacarrier
=490  1\$aIssue brief for Congress ;$vIB95060
=490  1\$aHeinOnline taxation & economic reform in America
=588  \\$aDescription based on PDF title page, viewed November 16, 2013.
=500  \\$a"Updated February 21, 2003."
=504  \\$aIncludes bibliographical references (page 12).
=650  10$aFlat-rate income tax$xLaw and legislation$zUnited States.
=650  \0$aTaxation$xLaw and legislation$zUnited States.
=655  \0$aElectronic books.
=710  2\$aLibrary of Congress.$bCongressional Research Service,$eissuing body.
=830  \0$aCRS issue brief ;$vIB95060.
=830  \0$aTaxation & economic reform in America.
=852  8\$aFTaSU-L$bFSLAW$cELEC
=852  \\$aFU-L$bUFER$cLAW
=856  40$uhttps://login.proxy.lib.fsu.edu/login?url=http://www.heinonline.org/HOL/Page?handle=hein.tera/crstax0612&id=1&collection=tera&index=tera/crstax#1$3HeinOnline Taxation & Economic Reform in America$yFSU: Off-campus access limited to current FSU students & employees$5FTaSU
=856  40$uhttp://www.heinonline.org/HOL/Page?handle=hein.tera/crstax0612&id=1&collection=tera&index=tera/crstax#1$3HeinOnline Taxation & Economic Reform in America$yUF: Off-campus access limited to current UF students & employees$5FU
=949  \\$aZ 663.6 .F53 2003a$wLC$c1$i416217-2001$d11/22/2013$lMAIN$mHEN$q1$rY$sY$tWEB$u11/22/2013$xENG$zN-US
=997  \\$a(c)2013 Cassidy Cataloguing Services, Inc.

