=LDR  02343cam a2200469 ia45c0
=005  20140129111000.0
=006  m\\\\fo\\d\f\\\\\\
=007  cr\bn\nnnauuuu
=008  131210s2002\\\\dcu\\\\\ob\\\f000\0\eng\d
=035  \\$accn00417122
=040  \\$erda
=043  \\$an-us---
=049  \\$aFSU-L
=049  \\$aUF-L
=050  \4$aZ663.6$b.F567 2002
=100  1\$aBrumbaugh, David,$eauthor.
=245  10$aFirms that incorporate abroad for tax purposes :$bcorporate "inversions" and "expatriation" /$cDavid L. Brumbaugh.
=264  \1$a[Washington, District of Columbia] :$bCongressional Research Service,$c[2002]
=264  \2$a[Buffalo, New York] :$bWilliam S. Hein & Company,$c[between 2009 and 2013?]
=300  \\$a1 online resource (13 pages).
=336  \\$atext$2rdacontent
=337  \\$acomputer$2rdamedia
=338  \\$aonline resource$2rdacarrier
=490  1\$aReport for Congress ;$vRL31444
=490  1\$aHeinOnline taxation & economic reform in America
=588  \\$aDescription based on PDF title page, viewed December 10, 2013.
=500  \\$a"June 5, 2002."
=504  \\$aIncludes bibliographical references.
=650  10$aBusiness relocation.
=650  \0$aInternational business enterprises$xTaxation$zUnited States.
=650  \0$aCorporations, Foreign$xTaxation$zUnited States.
=650  \0$aIncome tax$zUnited States$xForeign income.
=655  \0$aElectronic books.
=710  2\$aLibrary of Congress.$bCongressional Research Service,$eissuing body.
=830  \0$aCRS report for Congress ;$vRL31444.
=830  \0$aTaxation & economic reform in America.
=852  8\$aFTaSU-L$bFSLAW$cELEC
=852  \\$aFU-L$bUFER$cLAW
=856  40$uhttps://login.proxy.lib.fsu.edu/login?url=http://www.heinonline.org/HOL/Page?handle=hein.tera/crstax0295&id=1&collection=tera&index=tera/crstax#1$3HeinOnline Taxation & Economic Reform in America$yFSU: Off-campus access limited to current FSU students & employees$5FTaSU
=856  40$uhttp://www.heinonline.org/HOL/Page?handle=hein.tera/crstax0295&id=1&collection=tera&index=tera/crstax#1$3HeinOnline Taxation & Economic Reform in America$yUF: Off-campus access limited to current UF students & employees$5FU
=949  \\$aZ 663.6 .F567 2002$wLC$c1$i417122-2001$d12/17/2013$lMAIN$mHEN$q1$rY$sY$tWEB$u12/17/2013$xENG$zN-US
=997  \\$a(c)2013 Cassidy Cataloguing Services, Inc.

