=LDR  02113cam a2200421 ia45c0
=005  20150119215400.0
=006  m\\\\fo\\d\f\\\\\\
=007  cr\bn\nnnauuuu
=008  131228s1998\\\\dcu\\\\\o\\\\f000\0\eng\d
=035  \\$accn00425663
=040  \\$erda
=043  \\$an-us---
=049  \\$aFSU-L
=049  \\$aUF-L
=050  \4$aZ663.6$b.I532 1998
=100  1\$aStorey, James R.$eauthor.
=245  10$aIndividual retirement accounts (IRAs) :$blegislative issues in the 105th Congress /$cJames R. Storey.
=264  \1$a[Washington, District of Columbia] :$bCongressional Research Service,$c[1998]
=264  \2$a[Buffalo, New York] :$bWilliam S. Hein & Company,$c[between 2009 and 2013?]
=300  \\$a1 online resource (7 pages).
=336  \\$atext$2rdacontent
=337  \\$acomputer$2rdamedia
=338  \\$aonline resource$2rdacarrier
=490  1\$aCRS report for Congress ;$v96-20 EPW
=490  1\$aHeinOnline taxation & economic reform in America
=588  \\$aDescription based on PDF title page, viewed December 28, 2013.
=500  \\$a"Updated June 8, 1998."
=650  10$aIndividual retirement accounts$zUnited States.
=655  \0$aElectronic books.
=710  2\$aLibrary of Congress.$bCongressional Research Service,$eissuing body.
=830  \0$aCRS report for Congress ;$v96-20 EPW.
=830  \0$aTaxation & economic reform in America.
=852  8\$aFTaSU-L$bFSLAW$cELEC
=852  \\$aFU-L$bUFER$cLAW
=856  40$uhttps://login.proxy.lib.fsu.edu/login?url=http://www.heinonline.org/HOL/Page?handle=hein.tera/crstax0286&id=1&collection=tera&index=tera/crstax#1$3HeinOnline Taxation & Economic Reform in America$yFSU: Off-campus access limited to current FSU students & employees$5FTaSU
=856  40$uhttp://www.heinonline.org/HOL/Page?handle=hein.tera/crstax0286&id=1&collection=tera&index=tera/crstax#1$3HeinOnline Taxation & Economic Reform in America$yUF: Off-campus access limited to current UF students & employees$5FU
=949  \\$aZ 663.6 .I532 1998$wLC$c1$i425663-2001$d1/7/2014$lMAIN$mHEN$q1$rY$sY$tWEB$u1/7/2014$xENG$zN-US
=997  \\$a(c)2013 Cassidy Cataloguing Services, Inc.

