=LDR  03504cam a2200529Ii 4500
=001  032381163
=005  20150204125409.0
=006  m\\\\\o\\d\\\\\\\\
=007  cr\bn||||||abp
=007  cr\bn||||||ada
=008  100506s1899\\\\fr\\\\\\ob\\\\000\0\fre\d
=019  \\$a654664522
=035  \\$a(OCoLC)612542358
=037  \\$a97-179$bLLMC
=040  \\$aOCLCE$beng$erda$epn$cOCLCE$dOCLCQ$dLLMC2$dOCLCQ
=042  \\$adlr
=043  \\$ae-uk---
=049  \\$aELEC
=050  \4$aJV1029$b.C3
=082  04$a325.42$bC24
=100  1\$aCarton de Wiart, Edmond,$cComte,$d1876-1959.
=245  14$aLes grandes compagnies coloniales anglaises du XIXe siècle /$cpar Edmond Carton de Wiart, docteur en droit, docteur en sciences politiques et sociales ; avec une préface de M. Eug. Étienne, député, anc. Sous-Secrétaire d'État des Colonies, président du Groupe Colonial de la Chambre.
=246  3\$aGrandes compagnies coloniales anglaises du 19e siècle
=264  \1$aParis :$bPerrin et Cie.,$c1899.
=300  \\$a1 online resource (280 pages).
=336  \\$atext$btxt$2rdacontent
=337  \\$acomputer$bc$2rdamedia
=338  \\$aonline resource$bcr$2rdacarrier
=490  0\$aBibliothèque de l'Ecole des sciences politiques et sociales de Louvain ;$v[10]
=490  0\$aLaw Library Microform Consortium - Digital$5FTaFA
=504  \\$aIncludes bibliographical references (pages 271-280).
=505  0\$aLa "British North Borneo Company" (1881) -- La "Royal Niger Company" (1886) -- L' "Imperial British East Africa Company" (1888) -- La "British South Africa Company" (1889).
=506  \\$3Use copy$fRestrictions unspecified$2star$5MiAaHDL
=533  \\$aElectronic reproduction.$b[Place of reproduction not identified] :$cHathiTrust Digital Library,$d2010.$5MiAaHDL
=538  \\$aMaster and use copy. Digital master created according to Benchmark for Faithful Digital Reproductions of Monographs and Serials, Version 1. Digital Library Federation, December 2002.$uhttp://purl.oclc.org/DLF/benchrepro0212$5MiAaHDL
=583  1\$adigitized$c2010$hHathiTrust Digital Library$lcommitted to preserve$2pda$5MiAaHDL
=588  \\$aDescription based on print version record.
=599  \\$aFCLDEC$bCAT 20
=651  \0$aGreat Britain$xColonies$xCommerce.
=650  \0$aColonial companies.
=776  08$iPrint version:$aCarton de Wiart, Edmond, 1876-$tGrandes compagnies coloniales anglaises du XIX siècle.$dParis, Perrin, 1899$w(OCoLC)8217747
=856  40$3Google$uhttp://books.google.com/books?id=EUAUAAAAIAAJ$zAccess limited to FAMU College of Law faculty, staff and students.$5FTaFA$5FTaFA
=856  40$3HathiTrust Digital Library, Limited view (search only)$uhttp://catalog.hathitrust.org/api/volumes/oclc/8217747.html$zAccess limited to FAMU College of Law faculty, staff and students.$5FTaFA$5FTaFA
=856  40$3LLMC Digital$uhttp://famuproxy.fcla.edu/login?url=http://www.llmcdigital.org/default.aspx?redir=97179$zAccess limited to FAMU College of Law faculty, staff and students.$5FTaFA$5FTaFA
=856  40$3LLMC Digital$uhttp://www.llmcdigital.org/default.aspx?redir=97179$yUF: Off-campus access limited to current UF students & employees$5FU
=856  40$3LLMC Digital$uhttps://proxy.lib.fsu.edu/login?url=http://www.llmcdigital.org/default.aspx?redir=97179$yFSU: Off-campus access limited to current FSU students & employees$5FTaSU
=856  40$3LLMC Digital$uhttp://ezproxy.fiu.edu/login?url=http://www.llmcdigital.org/default.aspx?redir=97179$yFIU users: view content here$5FMFIU

