=LDR  03135ngm a2200529Ia 4500
=001  032410943
=005  20140801094054.0
=006  m|||||o||c||||||||
=007  vz|czazuu
=007  cr|cna
=008  140117s2008||||nyu013||||||||o|||vleng|d
=028  40$a53650$bFilms Media Group
=035  \\$a(FOD)100053650
=035  \\$a100053650
=040  \\$aAzPhAEM
=245  00$aRole Plays and Work Tests$h[electronic resource (video)] /$cSeven Dimensions Films of Australia.
=260  3\$aNew York, N.Y. :$bFilms Media Group,$c[2013], c2008.
=300  \\$a1 streaming video file (13 min.) :$bsd., col.
=490  1\$aSelection Interview Skills Series
=490  1\$aFilms on Demand$5FTaSU
=599  \\$a(OCoLC)869223196
=500  \\$aEncoded with permission for digital streaming by Films Media Group on September 23, 2013.
=500  \\$aFilms on Demand is distributed by Films Media Group for Films for the Humanities & Sciences, Cambridge Educational, Meridian Education, and Shopware.
=500  \\$aPart of the series Selection and Interview Skills.
=505  0\$aWork Tests (0:47) -- Other Examples of Work Tests (1:26) -- Group Work Tests (0:48) -- Using Role Plays Successfully (2:23) -- Role Play Assessment, Applicant 1 (0:31) -- Role Play Assessment, Applicant 2 (2:44) -- Role Play Assessment, Applicant 3 (3:54) -- Credits: Role Plays and Work Tests: Selection Interview Skills Series (0:20)
=506  \\$aAccess requires authentication through Films on Demand.
=520  \\$aJob interviews that use role plays and work tests can be very effective in identifying the right applicant. This episode features a call center manager who uses these methods to compare four candidates. Viewers will see how these methods provide a useful review of how each applicant performed.
=521  2\$a10 & up.
=538  \\$aMode of access: Internet.
=538  \\$aSystem requirements: FOD playback platform.
=588  \\$aTitle from distributor's description.
=650  \0$aBusiness communication.
=650  \0$aCommunication.
=650  \0$aHuman capital.
=650  \0$aPerformance$xManagement.
=655  \0$aEducational films.
=655  \0$aInternet videos.
=655  \7$aVideorecording.$2local
=710  2\$aFilms for the Humanities & Sciences (Firm)
=710  2\$aFilms Media Group.
=710  2\$aSeven Dimensions Films of Australia.
=776  08$iOriginally produced:$dSeven Dimensions Films of Australia, 2008.
=830  \0$aSelection Interview Skills Series.
=856  40$zPart of the Films on Demand collection.$uhttp://ezproxy.fiu.edu/login?url=http://digital.films.com/PortalPlaylists.aspx?aid=24982&xtid=53650$yFIU users: view content here$5FMFIU
=856  4\$uhttp://ezproxy.fgcu.edu/login?url=http://digital.films.com/PortalPlaylists.aspx?aid=21751&xtid=53650$zFGCU: Off-campus access limited to current FGCU students and employees.$yConnect Now$5FFmFGC
=856  40$uhttps://login.proxy.lib.fsu.edu/login?url=http://digital.films.com/PortalPlaylists.aspx?aid=1274&xtid=53650$yFSU: Off-campus access limited to current FSU students & employees$zFOD Subscription$5FTaSU
=830  \0$aFilms on Demand$5FTaSU

