=LDR  02164cam a2200433 ia45c0
=005  20140220112000.0
=006  m\\\\fo\\d\f\\\\\\
=007  cr\bn\nnnauuuu
=008  140107s2002\\\\dcu\\\\\o\\\\f000\0\eng\d
=035  \\$accn00434199
=040  \\$erda
=043  \\$an-us---
=049  \\$aFSU-L
=049  \\$aUF-L
=050  \4$aZ663.6$b.S56 2002
=100  1\$aJackson, William D.,$d1946-,$eauthor.
=245  10$aShould banking powers expand into real estate brokerage and management? /$cWilliam D. Jackson.
=264  \1$a[Washington, District of Columbia] :$bCongressional Research Service, Library of Congress,$c[2002]
=264  \2$a[Buffalo, New York] :$bWilliam S. Hein & Company,$c[between 2009 and 2013?]
=300  \\$a1 online resource (6 pages).
=336  \\$atext$2rdacontent
=337  \\$acomputer$2rdamedia
=338  \\$aonline resource$2rdacarrier
=490  1\$aCRS report for Congress ;$vRS21104
=490  1\$aHeinOnline taxation & economic reform in America
=588  \\$aDescription based on PDF title page, viewed January 7, 2014.
=500  \\$a"Updated July 10, 2002."
=650  10$aBanking law$zUnited States.
=650  \0$aReal estate business$zUnited States.
=655  \0$aElectronic books.
=710  2\$aLibrary of Congress.$bCongressional Research Service,$eissuing body.
=830  \0$aCRS report for Congress ;$vRS21104.
=830  \0$aTaxation & economic reform in America.
=852  8\$aFTaSU-L$bFSLAW$cELEC
=852  \\$aFU-L$bUFER$cLAW
=856  40$uhttps://login.proxy.lib.fsu.edu/login?url=http://www.heinonline.org/HOL/Page?handle=hein.tera/crser0039&id=1&collection=tera&index=tera/crser#1$3HeinOnline Taxation & Economic Reform in America$yFSU: Off-campus access limited to current FSU students & employees$5FTaSU
=856  40$uhttp://www.heinonline.org/HOL/Page?handle=hein.tera/crser0039&id=1&collection=tera&index=tera/crser#1$3HeinOnline Taxation & Economic Reform in America$yUF: Off-campus access limited to current UF students & employees$5FU
=949  \\$aZ 663.6 .S56 2002$wLC$c1$i434199-2001$d1/16/2014$lMAIN$mHEN$q1$rY$sY$tWEB$u1/16/2014$xENG$zN-US
=997  \\$a(c)2014 Cassidy Cataloguing Services, Inc.

