=LDR  02255cam a2200481 ia45c0
=005  20140220112100.0
=006  m\\\\fo\\d\f\\\\\\
=007  cr\bn\nnnauuuu
=008  140202s2008\\\\dcu\\\\\ob\\\f000\0\eng\d
=035  \\$accn00436980
=040  \\$erda
=043  \\$an-us---
=049  \\$aFSU-L
=049  \\$aUF-L
=050  \4$aZ663.6$b.R44 2008
=100  1\$aJickling, Mark,$eauthor.
=245  10$aRegulation of energy derivatives /$cMark Jickling.
=264  \1$a[Washington, District of Columbia] :$bCongressional Research Service,$c[2008]
=264  \2$a[Buffalo, New York] :$bWilliam S. Hein & Company,$c[between 2009 and 2013?]
=300  \\$a1 online resource (6 pages).
=336  \\$atext$2rdacontent
=337  \\$acomputer$2rdamedia
=338  \\$aonline resource$2rdacarrier
=490  1\$aCRS report for Congress ;$vRS21401
=490  1\$aHeinOnline taxation & economic reform in America
=588  \\$aDescription based on PDF title page, viewed February 2, 2014.
=500  \\$a"Updated May 12, 2008."
=504  \\$aIncludes bibliographical references.
=650  10$aTrade regulation$zUnited States.
=650  \0$aDerivative securities.
=650  \0$aPetroleum industry and trade$xFinance.
=650  \0$aEnergy industries.
=650  \0$aCommodity exchanges.
=655  \0$aElectronic books.
=710  2\$aLibrary of Congress.$bCongressional Research Service,$eissuing body.
=830  \0$aCRS report for Congress ;$vRS21401.
=830  \0$aTaxation & economic reform in America.
=852  8\$aFTaSU-L$bFSLAW$cELEC
=852  \\$aFU-L$bUFER$cLAW
=856  40$uhttps://login.proxy.lib.fsu.edu/login?url=http://www.heinonline.org/HOL/Page?handle=hein.tera/crser0088&id=1&collection=tera&index=tera/crser#1$3HeinOnline Taxation & Economic Reform in America$yFSU: Off-campus access limited to current FSU students & employees$5FTaSU
=856  40$uhttp://www.heinonline.org/HOL/Page?handle=hein.tera/crser0088&id=1&collection=tera&index=tera/crser#1$3HeinOnline Taxation & Economic Reform in America$yUF: Off-campus access limited to current UF students & employees$5FU
=949  \\$aZ 663.6 .R44 2008$wLC$c1$i436980-2001$d2/6/2014$lMAIN$mHEN$q1$rY$sY$tWEB$u2/6/2014$xENG$zN-US
=997  \\$a(c)2014 Cassidy Cataloguing Services, Inc.

