=LDR  02023nam a2200373Ia 4500
=001  032514717
=005  20141210122731.0
=006  m\\\\\\\\d\\\\\\\\
=007  cr\|||||||||||
=008  130101s2011\\\\sp\a\\\\ob\\\\001\0\spa\c
=020  \\$z9788484896326 (Iberoamericana) (pbk.)
=020  \\$z8484896323 (Iberoamericana) (pbk.)
=020  \\$z9783865276865 (Vervuert) (pbk.)
=020  \\$z3865276865 (Vervuert) (pbk.)
=035  \\$a(NyNyDIG)DIGIBE0173
=050  00$aPQ6282
=100  1\$aCalderón de la Barca, Pedro,$d1600-1681.
=245  13$aEl astrólogo fingido$h[electronic resource] /$cPedro Calderón de la Barca ; edición crítica de las dos versiones de Fernando Rodríguez-Gallego.
=260  \\$a[Pamplona] :$bUniversidad de Navarra ;$aMadrid :$bIberoamericana ;$aFrankfurt am Main :$bVervuert,$c2011.$e(New York, NY. :$fDigitalia Inc,$g2012).
=300  \\$a1 online resource (488 p.) ;$bill.
=490  1\$aBiblioteca Aurea hispánica ;$v73.
=490  1\$aComedias Completas de Calderón ;$v6
=504  \\$aIncludes bibliographical references (pages 381-414).
=506  \\$aAccess restricted to subscribing institutions.
=600  10$aCalderón de la Barca, Pedro,$d1600-1681.$tAstrólogo fingido.
=655  \7$aElectronic books$2local.
=700  1\$aRodríguez-Gallego, Fernando.
=710  2\$aDigitalia (Firm)
=830  \0$aBiblioteca Aurea hispánica ;$vv. 73.
=800  1\$aCalderón de la Barca, Pedro,$d1600-1681.$tPlays (Pamplona, Spain) ;$v6.
=830  \0$aDigitalia eBook Collection: Iberoamericana/Vervuert
=856  40$uhttps://login.proxy.lib.fsu.edu/login?url=http://www.digitaliapublishing.com/a/15199$3Electronic book$yFSU: Off-campus access limited to current FSU students & employees$5FTaSU
=856  40$uhttp://ezproxy.fiu.edu/login?url=http://www.digitaliapublishing.com/a/15199$zFull text available from Digitalia eBooks$yFIU users: view content here$5FMFIU
=856  40$uhttp://www.digitaliapublishing.com/a/15199$yUF: Off-campus access limited to current UF students & employees$5FU

