=LDR  02437cam a2200505 ia45c0
=005  20140318093300.0
=006  m\\\\fo\\d\f\\\\\\
=007  cr\bn\nnnauuuu
=008  140224s2009\\\\dcua\\\\ob\\\f000\0\eng\d
=035  \\$accn00438514
=040  \\$erda
=043  \\$an-us---
=049  \\$aFSU-L
=049  \\$aUF-L
=050  \4$aZ663.6$b.G56 2009
=100  1\$aNanto, Dick Kazuyuki,$eauthor.
=245  14$aThe global financial crisis :$banalysis and policy implications /$cDick K. Nanto.
=264  \1$a[Washington, District of Columbia] :$bCongressional Research Service,$c[2009]
=264  \2$a[Buffalo, New York] :$bWilliam S. Hein & Company,$c[between 2009 and 2013?]
=300  \\$a1 online resource (127 pages) :$billustrations.
=336  \\$atext$2rdacontent
=337  \\$acomputer$2rdamedia
=338  \\$aonline resource$2rdacarrier
=490  1\$aCRS report for Congress ;$vRL34742
=490  1\$aHeinOnline taxation & economic reform in America
=588  \\$aDescription based on PDF title page, viewed February 24, 2014.
=500  \\$a"July 10, 2009."
=504  \\$aIncludes bibliographical references.
=650  10$aGlobal Financial Crisis, 2008-2009.
=650  \0$aInternational finance.
=650  \0$aFinancial crises.
=650  \0$aFinancial crises$zUnited States.
=651  \0$aUnited States$xEconomic policy.
=651  \0$aUnited States$xEconomic conditions$y21st century.
=651  \0$aUnited States$xForeign economic relations.
=655  \0$aElectronic books.
=710  2\$aLibrary of Congress.$bCongressional Research Service,$eissuing body.
=830  \0$aCRS report for Congress ;$vRL34742.
=830  \0$aTaxation & economic reform in America.
=852  8\$aFTaSU-L$bFSLAW$cELEC
=852  \\$aFU-L$bUFER$cLAW
=856  40$uhttps://login.proxy.lib.fsu.edu/login?url=http://www.heinonline.org/HOL/Page?handle=hein.tera/crser0299&id=1&collection=tera&index=tera/crser#1$3HeinOnline Taxation & Economic Reform in America$yFSU: Off-campus access limited to current FSU students & employees$5FTaSU
=856  40$uhttp://www.heinonline.org/HOL/Page?handle=hein.tera/crser0299&id=1&collection=tera&index=tera/crser#1$3HeinOnline Taxation & Economic Reform in America$yUF: Off-campus access limited to current UF students & employees$5FU
=949  \\$aZ 663.6 .G56 2009$wLC$c1$i438514-2001$d3/5/2014$lMAIN$mHEN$q1$rY$sY$tWEB$u3/5/2014$xENG$zN-US
=997  \\$a(c)2014 Cassidy Cataloguing Services, Inc.

