=LDR  02122ngm a22003493a 4500
=001  032547690
=005  20140331113943.0
=006  m|||||o||c||||||||
=007  vz||zazu|
=007  cr||na\\\||a|a
=008  140203s2012\\\\pau086\g\\\\\\o\\\vleng\d
=035  \\$a(VaAIASP)ASP2219795/ahiv
=040  \\$aVaAlASP$cVaAlASP
=245  00$aVietnam$h[electronic resource].$nPart 2, vol. 4 :$bthe US Government Collection /$cby United States Army.
=246  33$aVietnam.$nPart 2, vol. 4 :$bthe US Government collection : Vietnam crucible, psychological warfare, the battle of Khe Sanh, agony at the Sanh, 1st Infantry Division, air strip battle
=260  \\$aPottstown, PA :$bMVD Entertainment Group,$c2012.
=300  \\$a1 online resource (86 min.).
=306  \\$a012556
=490  0\$aAmerican history in video
=490  0\$aVietnam - The US Government Collection Part 2 ;$vpart 2, volume 4
=520  3\$aVolume 2 of the acclaimed documentary program. Much of the film footage on this three disc set is from the U.S. Government Archives. Original footage of Marine landings and air operations are included in the series as well as artillery gunfire.
=530  \\$aPreviously released as DVD.
=533  \\$aElectronic reproduction.$bAlexandria, VA :$cAlexander Street Press,$d2013.$f(American history in video).$nAvailable via World Wide Web.
=546  \\$aThis edition in English.
=599  \\$a(OCoLC)874050135
=650  \0$aVietnam War, 1961-1975.
=655  \7$aDocumentary films.$2lcgft
=710  2\$aUnited States.$bArmy.$4pro
=856  40$zStreaming video available:$uhttp://ezproxy.fau.edu/login?url=http://www.aspresolver.com/aspresolver.asp?AHIV;2219795$5FBoU
=856  40$uhttp://ezproxy.fiu.edu/login?url=http://www.aspresolver.com/aspresolver.asp?AHIV;2219795$yFIU users: view content here$5FMFIU
=856  40$yUCF: Click here for ONLINE ACCESS$uhttps://login.ezproxy.net.ucf.edu/login?url=http://www.aspresolver.com/aspresolver.asp?AHIV;2219795$zAmerican History in Video$5FOFT
=856  40$yUCF: Click here for ONLINE ACCESS$uhttp://library.ucf.edu/Web/purl.asp?pid=1367$zAmerican History in Video Home Page$5FOFT

