=LDR  03755ngm a2200625Ia 4500
=001  032571293
=005  20150130184649.0
=006  m|||||o||c||||||||
=007  vz|czazuu
=007  cr|cna
=008  140209s2005||||nyu026||||||||o|||vleng|d
=028  40$a55378s$bFilms Media Group
=028  40$a55381$bFilms Media Group
=035  \\$a(FOD)100055381
=035  \\$a100055381
=040  \\$aAzPhAEM
=245  00$aSpanish Traditional Quesos$h[electronic resource (video)] /$cABC International.
=260  3\$aNew York, N.Y. :$bFilms Media Group,$c[2013], c2005.
=300  \\$a1 streaming video file (26 min.) :$bsd., col.
=490  1\$aCheese Slices (Series 2)
=490  1\$aFilms on Demand$5FTaSU
=599  \\$a(OCoLC)870312948
=500  \\$aEncoded with permission for digital streaming by Films Media Group on November 17, 2013.
=500  \\$aFilms on Demand is distributed by Films Media Group for Films for the Humanities & Sciences, Cambridge Educational, Meridian Education, and Shopware.
=505  0\$aManchega Ewes of La Mancha (2:48) -- Making Manchego (2:48) -- Trujillo's Annual Cheese Fair (3:42) -- Merino Sheep of Extremadura (2:22) -- Making Queso de la Serena (1:51) -- Felix Pastor's Zamorano Cheese (2:44) -- Churra Ewes (1:51) -- Naturally Bluing Cabrales (2:33) -- Queso De Valdeon (2:43) -- Credits: Spanish Traditional Quesos: Cheese Slices (Series 2) (0:31)
=506  \\$aAccess requires authentication through Films on Demand.
=520  \\$aCheeses from Spain have recently gained popularity on the international market; with one particular cheese becoming very well known. In this episode, host Will Studd travels to the land of Don Quixote to learn about a rich sheep's milk cheese called Manchego. He then visits a cheese fair in the medieval city of Trujillo to savor another sheep's milk cheese, Queso de la Serena which is set with thistles. Finally, Will drives to the magnificent Picos Europa Mountains for a look at cave-ripened Cabrales and Valdeon cheeses.
=521  2\$aGrade 9.
=538  \\$aMode of access: Internet.
=538  \\$aSystem requirements: FOD playback platform.
=588  \\$aTitle from distributor's description.
=650  \0$aArtificial foods industry.
=650  \0$aCheese$xVarieties.
=650  \0$aCheesemaking.
=650  \0$aEconomic geography.
=650  \0$aEurope$xDescription and travel.
=650  \0$aFood industry and trade.
=650  \0$aFood service.
=650  \0$aFood$xHistory.
=650  \0$aGastronomy$xHistory.
=650  \0$aManchego cheese.
=650  \0$aNatural foods.
=655  \0$aEducational films.
=655  \0$aInternet videos.
=655  \7$aVideorecording.$2local
=710  2\$aABC International.
=710  2\$aFilms for the Humanities & Sciences (Firm)
=710  2\$aFilms Media Group.
=776  08$iOriginally produced:$dABC International, 2005.
=830  \0$aCheese Slices ;$vSeries 2.
=856  40$zPart of the Films on Demand collection.$uhttp://ezproxy.fiu.edu/login?url=http://digital.films.com/PortalPlaylists.aspx?aid=24982&xtid=55381$yFIU users: view content here$5FMFIU
=856  4\$uhttp://ezproxy.fgcu.edu/login?url=http://digital.films.com/PortalPlaylists.aspx?aid=21751&xtid=55381$zFGCU: Off-campus access limited to current FGCU students and employees.$yConnect Now$5FFmFGC
=856  40$uhttps://login.proxy.lib.fsu.edu/login?url=http://digital.films.com/PortalPlaylists.aspx?aid=1274&xtid=55381$yFSU: Off-campus access limited to current FSU students & employees$zFOD Subscription$5FTaSU
=830  \0$aFilms on Demand$5FTaSU
=856  4\$uhttp://famuproxy.fcla.edu/login?url=http://digital.films.com/PortalPlaylists.aspx?aid=19804&xtid=55381$yFAMU: Off-campus access limited to current FAMU students & employees$5FTaFA

