=LDR  29451nam a22069011a 4500
=001  032576048
=005  20140414134750.0
=006  m||||||||d||||||||
=007  cr||n|||||||||
=008  130228s2012\\\\inuaf\\\o\\\\\001\0\eng\d
=020  \\$a111822700X (electronic bk.)
=020  \\$a9781118227008 (electronic bk.)
=020  \\$z9781118174081 (pbk.)
=020  \\$z1118174089 (pbk.)
=035  \\$a(NhCcYBP)ebl832578
=040  \\$aNhCcYBP$cNhCcYBP$dNhCcYME
=050  \4$aNA2728$b.R48 2012
=082  04$a720.2840285536$223
=100  1\$aRead, Phil,$d1965-
=245  10$aMastering Autodesk Revit Architecture 2013$h[electronic resource] /$cPhil Read, Eddy Krygiel, James Vandezande.
=260  \\$aIndianapolis, Ind. :$bJohn Wiley,$cc2012.
=300  \\$a1 online resource.
=490  1\$aAutodesk official training guide
=490  1\$aSybex serious skills
=500  \\$aDescription based on print version record.
=500  \\$aIncludes index.
=533  \\$aElectronic reproduction.$bPerth, W.A.$nAvailable via World Wide Web.
=588  \\$aDescription based on print version record.
=630  00$aAutodesk Revit.
=650  \0$aArchitectural drawing$xComputer-aided design.
=650  \0$aArchitectural design$xData processing.
=700  1\$aVandezande, James,$d1972-
=700  1\$aKrygiel, Eddy,$d1972-
=710  2\$aEbooks Corporation
=776  08$cOriginal$z9781118174081$z1118174089
=830  \0$aAutodesk official training guide.
=830  \0$aSerious skills.
=856  40$uhttp://www.ucf.eblib.com/EBLWeb/patron/?target=patron&extendedid=P_832578_0$yClick here for FULL TEXT from EBL$zUCF login required$5FOFT
=970  01$tForeword$pxxvii$5FOFT
=970  01$tIntroduction$pxxix$5FOFT
=970  11$lpt. 1$tFundamentals$p1$5FOFT
=970  11$lch. 1$tIntroduction: The Basics of BIM$p3$5FOFT
=970  11$tLeveraging the Model$p3$5FOFT
=970  11$tPlanning for BIM$p4$5FOFT
=970  11$tSetting Firm Goals for BIM$p9$5FOFT
=970  11$tHow BIM Affects Firm Culture$p11$5FOFT
=970  11$tPredictability vs. Innovation$p11$5FOFT
=970  11$tEvolution vs. Revolution$p12$5FOFT
=970  11$tFocusing Your Investment in BIM$p13$5FOFT
=970  11$tThe Bottom Line$p14$5FOFT
=970  11$lch. 2$tPrinciples: UI and Project Organization$p15$5FOFT
=970  11$tUnderstanding the User Interface$p16$5FOFT
=970  11$tApplication Menu$p16$5FOFT
=970  11$tQuick Access Toolbar$p16$5FOFT
=970  11$tInfoCenter$p17$5FOFT
=970  11$tRibbon$p18$5FOFT
=970  11$tOptions Bar$p22$5FOFT
=970  11$tProperties$p22$5FOFT
=970  11$tProject Browser$p22$5FOFT
=970  11$tStatus Bar$p23$5FOFT
=970  11$tDrawing Area$p24$5FOFT
=970  11$tView Control Bar$p25$5FOFT
=970  11$tGraphic Display Options$p25$5FOFT
=970  11$tWork Plane Viewer$p25$5FOFT
=970  11$tViewCube$p25$5FOFT
=970  11$tSteering Wheel$p27$5FOFT
=970  11$tNavigating with the Mouse$p27$5FOFT
=970  11$tProject Organization$p29$5FOFT
=970  11$tDatum Objects (Relationships)$p29$5FOFT
=970  11$tContent (Repetition)$p41$5FOFT
=970  11$tViews (Representation)$p42$5FOFT
=970  11$tProject Management (Restrictions)$p57$5FOFT
=970  11$tThe Bottom Line$p59$5FOFT
=970  11$lch. 3$tThe Basics of the Toolbox$p61$5FOFT
=970  11$tSelecting, Modifying, and Replacing Elements$p61$5FOFT
=970  11$tSelecting Elements$p61$5FOFT
=970  11$tFiltering Your Selection$p63$5FOFT
=970  11$tSelecting All Instances$p63$5FOFT
=970  11$tUsing the Properties palette$p64$5FOFT
=970  11$tMatching Properties$p65$5FOFT
=970  11$tUsing the Context Menu$p66$5FOFT
=970  11$tEditing Elements Interactively$p66$5FOFT
=970  11$tMoving Elements$p66$5FOFT
=970  11$tCopying Elements$p69$5FOFT
=970  11$tRotating and Mirroring Elements$p71$5FOFT
=970  11$tArraying Elements$p73$5FOFT
=970  11$tScaling Elements$p76$5FOFT
=970  11$tAligning Elements$p76$5FOFT
=970  11$tTrimming or Extending Lines and Walls$p77$5FOFT
=970  11$tSplitting Lines and Walls$p78$5FOFT
=970  11$tOffsetting Lines and Walls$p79$5FOFT
=970  11$tKeeping Elements from Moving$p80$5FOFT
=970  11$tExploring Other Editing Tools$p82$5FOFT
=970  11$tUsing the Join Geometry Tool$p82$5FOFT
=970  11$tUsing the Split Face and Paint Tools$p83$5FOFT
=970  11$tCopying and Pasting$p83$5FOFT
=970  11$tUsing the Create Similar Tool$p85$5FOFT
=970  11$tUsing Keyboard Shortcuts (Accelerators)$p85$5FOFT
=970  11$tModeling Site Context$p86$5FOFT
=970  11$tUsing a Toposurface$p86$5FOFT
=970  11$tCreating a Building Pad$p94$5FOFT
=970  11$tGenerating Property Lines$p96$5FOFT
=970  11$tCut and Fill Schedules$p98$5FOFT
=970  11$tThe Bottom Line$p99$5FOFT
=970  11$lpt. 2$tUnderstanding the Workflow$p101$5FOFT
=970  11$lch. 4$tConfiguring Templates and Standards$p103$5FOFT
=970  11$tIntroducing Project Templates$p103$5FOFT
=970  11$tCustomizing Project Settings for Graphic Quality$p104$5FOFT
=970  11$tObject Styles$p104$5FOFT
=970  11$tLine Settings$p106$5FOFT
=970  11$tMaterials$p110$5FOFT
=970  11$tFill Patterns$p117$5FOFT
=970  11$tColor Schemes$p121$5FOFT
=970  11$tEfficient View Management$p123$5FOFT
=970  11$tOrganizing Views$p123$5FOFT
=970  11$tCreating and Assigning Filters$p126$5FOFT
=970  11$tApplying View Templates$p128$5FOFT
=970  11$tCreating Custom Annotations$p130$5FOFT
=970  11$tTag Family Fundamentals$p131$5FOFT
=970  11$tCreating a Custom Door Tag$p132$5FOFT
=970  11$tView Tags$p134$5FOFT
=970  11$tStarting a Project with a Custom Template$p140$5FOFT
=970  11$tStrategies for Managing Templates$p141$5FOFT
=970  11$tAggregating Template Data$p141$5FOFT
=970  11$tThe Bottom Line$p145$5FOFT
=970  11$lch. 5$tManaging a Project$p147$5FOFT
=970  11$tUnderstanding a BIM Workflow$p147$5FOFT
=970  11$tStaffing for BIM$p152$5FOFT
=970  11$tProject Roles$p153$5FOFT
=970  11$tEstablishing a Work Plan$p156$5FOFT
=970  11$tAdding Team Members to Fight Fires$p156$5FOFT
=970  11$tWorking in a Large Team$p157$5FOFT
=970  11$tBreaking Up a Model$p157$5FOFT
=970  11$tUsing Worksets$p158$5FOFT
=970  11$tQuality Control and BIM$p160$5FOFT
=970  11$tKeeping an Eye on File Size$p160$5FOFT
=970  11$tUsing Schedules$p165$5FOFT
=970  11$tReviewing Warnings$p169$5FOFT
=970  11$tThe Bottom Line$p170$5FOFT
=970  11$lch. 6$tUnderstanding Worksharing$p173$5FOFT
=970  11$tUnderstanding Worksharing Basics$p173$5FOFT
=970  11$tUsing Worksharing in Your Project$p175$5FOFT
=970  11$tTypes of Worksets$p176$5FOFT
=970  11$tOrganizing Worksets$p177$5FOFT
=970  11$tMoving Elements between Worksets$p179$5FOFT
=970  11$tManaging Workflow with Worksets$p180$5FOFT
=970  11$tCreating a Central File$p181$5FOFT
=970  11$tSelecting a Starting View$p182$5FOFT
=970  11$tCreating the Local File$p183$5FOFT
=970  11$tWorking in a Worksharing Environment$p187$5FOFT
=970  11$tSaving Work$p189$5FOFT
=970  11$tSaving at Intervals$p190$5FOFT
=970  11$tLoading Work from Other Team Members$p191$5FOFT
=970  11$tWorksharing Visualization$p191$5FOFT
=970  11$tWorkset Visibility in View Templates$p194$5FOFT
=970  11$tClosing Revit$p195$5FOFT
=970  11$tDisabling Worksharing$p196$5FOFT
=970  11$tUnderstanding Element Ownership in Worksets$p197$5FOFT
=970  11$tEditing Requests$p199$5FOFT
=970  11$tPlacing an Editing Request$p199$5FOFT
=970  11$tGranting an Editing Request$p201$5FOFT
=970  11$tRelinquishing Permission$p202$5FOFT
=970  11$tThe Bottom Line$p202$5FOFT
=970  11$lch. 7$tWorking with Consultants$p203$5FOFT
=970  11$tPreparing for Collaboration$p203$5FOFT
=970  11$tCoordination$p205$5FOFT
=970  11$tLinked Models$p208$5FOFT
=970  11$tProject Base Point (PBP): Clipped$p215$5FOFT
=970  11$tProject Base Point: Undipped$p215$5FOFT
=970  11$tSurvey Point (SP): Clipped$p215$5FOFT
=970  11$tSurvey Point: Undipped$p215$5FOFT
=970  11$tCoordination Tools$p223$5FOFT
=970  11$tInterference Checking$p231$5FOFT
=970  11$tThe Bottom Line$p235$5FOFT
=970  11$lch. 8$tInteroperability: Working Multiplatform$p237$5FOFT
=970  11$tThe BIM Curve$p237$5FOFT
=970  11$tOverview of Importing$p238$5FOFT
=970  11$tImport Settings$p238$5FOFT
=970  11$tImporting vs. Linking$p240$5FOFT
=970  11$tOptions During Importing/Linking$p241$5FOFT
=970  11$tManipulating Linked Data$p242$5FOFT
=970  11$tImporting 2D Data$p245$5FOFT
=970  11$tBackgrounds for BIM Conversion$p245$5FOFT
=970  11$tCoordination$p246$5FOFT
=970  11$tDetails$p247$5FOFT
=970  11$tImporting 3D Data$p249$5FOFT
=970  11$tImported Data as a Mass$p249$5FOFT
=970  11$tImported Data as a Face$p250$5FOFT
=970  11$tImported Data as an Object$p253$5FOFT
=970  11$tOverview of Exporting$p254$5FOFT
=970  11$tPreparing for Exports$p255$5FOFT
=970  11$tExport Layer Settings$p258$5FOFT
=970  11$tExporting 2D CAD Data$p260$5FOFT
=970  11$tDWG Settings for Export$p261$5FOFT
=970  11$tExporting 3D Model Data$p265$5FOFT
=970  11$tStudies in Google SketchUp$p265$5FOFT
=970  11$tIFC Interoperability$p267$5FOFT
=970  11$tThe Bottom Line$p270$5FOFT
=970  11$lpt. 3$tModeling and Massing for Design$p271$5FOFT
=970  11$lch. 9$tAdvanced Modeling and Massing$p273$5FOFT
=970  11$tMassing UI and Functionality$p273$5FOFT
=970  11$tIntuitive and Formula Mass Creation$p274$5FOFT
=970  11$tIn-Place Masses$p274$5FOFT
=970  11$tFamily Component Masses$p275$5FOFT
=970  11$tFloor Area Faces and Scheduling Masses$p276$5FOFT
=970  11$tIntuitive Massing$p291$5FOFT
=970  11$tIn-Place Surface$p292$5FOFT
=970  11$tIn-Place Solids$p306$5FOFT
=970  11$tFormula-Driven Massing$p322$5FOFT
=970  11$tSimple Mass Family$p323$5FOFT
=970  11$tGeneric Model Mass Family$p329$5FOFT
=970  11$tComplex Mass Family$p341$5FOFT
=970  11$tThe Bottom Line$p351$5FOFT
=970  11$lch. 10$tConceptual Design and Sustainability$p353$5FOFT
=970  11$tSustainable Design Concepts$p353$5FOFT
=970  11$tUsing Schedules$p354$5FOFT
=970  11$tCalculating Recycled Content$p355$5FOFT
=970  11$tCalculating the Window-to-Wall Ratio$p358$5FOFT
=970  11$tSunshading and Solar Paths$p361$5FOFT
=970  11$tCreating a Solar Study$p362$5FOFT
=970  11$tCreating an Animated Solar Study$p369$5FOFT
=970  11$tCreating a Solar Path$p372$5FOFT
=970  11$tEnergy Modeling$p373$5FOFT
=970  11$tConceptual Energy Analysis$p374$5FOFT
=970  11$tDetailed Energy Modeling$p378$5FOFT
=970  11$tExporting to gbXML$p379$5FOFT
=970  11$tDaylighting$p384$5FOFT
=970  11$tSetting Up for Daylighting Analysis$p385$5FOFT
=970  11$tThe Bottom Line$p397$5FOFT
=970  11$lch. 11$tWorking with Phasing, Groups, and Design Options$p399$5FOFT
=970  11$tUsing Phasing to Apply the Element of Time$p399$5FOFT
=970  11$tWhat Can Be Phased?$p402$5FOFT
=970  11$tPhase Settings$p404$5FOFT
=970  11$tGeometry Phase$p408$5FOFT
=970  11$tView Phase$p410$5FOFT
=970  11$tCreating and Using Groups$p417$5FOFT
=970  11$tCreating Groups$p417$5FOFT
=970  11$tModifying Groups$p419$5FOFT
=970  11$tCreating New Groups$p419$5FOFT
=970  11$tExcluding Elements within Groups$p422$5FOFT
=970  11$tSaving and Loading Groups$p423$5FOFT
=970  11$tCreating Groups from Links$p425$5FOFT
=970  11$tBest Practices for Groups$p426$5FOFT
=970  11$tMaking Design Options for Design Iteration$p428$5FOFT
=970  11$tCreating Design Options$p429$5FOFT
=970  11$tEditing Design Options$p431$5FOFT
=970  11$tViewing and Scheduling Design Options$p432$5FOFT
=970  11$tRemoving Design Options and Option Sets$p433$5FOFT
=970  11$tThe Bottom Line$p454$5FOFT
=970  11$lch. 12$tVisualization$p455$5FOFT
=970  11$tThe Role of Visualization$p455$5FOFT
=970  11$tAnalytic Visualization$p456$5FOFT
=970  11$tMonochromatic Views$p457$5FOFT
=970  11$tProject Parameters$p460$5FOFT
=970  11$tUser-Defined Parameters$p464$5FOFT
=970  11$tIdentifying Design Elements$p467$5FOFT
=970  11$tSolar and Shadow Studies$p468$5FOFT
=970  11$tPhotorealistic Visualization$p470$5FOFT
=970  11$tVisual Styles$p470$5FOFT
=970  11$tSection Box$p481$5FOFT
=970  11$tRendering Settings$p483$5FOFT
=970  11$tCreating Your View$p486$5FOFT
=970  11$tLocking Your View$p487$5FOFT
=970  11$tStill Image Camera$p487$5FOFT
=970  11$tAnimation Path$p490$5FOFT
=970  11$tRendering Sequence and Workflow$p496$5FOFT
=970  11$tGeometry and Cameras$p497$5FOFT
=970  11$tSunlight$p497$5FOFT
=970  11$tArtificial Lighting$p500$5FOFT
=970  11$tLight Groups$p500$5FOFT
=970  11$tMaterials$p509$5FOFT
=970  11$tThe Bottom Line$p509$5FOFT
=970  11$lpt. 4$tExtended Modeling Techniques$p511$5FOFT
=970  11$lch. 13$tWalls and Curtain Walls$p513$5FOFT
=970  11$tUsing Extended Modeling Techniques for Basic Walls$p513$5FOFT
=970  11$tCreating Basic Wall Types$p514$5FOFT
=970  11$tAdding Wall Articulation$p522$5FOFT
=970  11$tModeling Techniques for Basic Walls$p528$5FOFT
=970  11$tCreating Custom In-Place Walls$p536$5FOFT
=970  11$tCreating Stacked Walls$p537$5FOFT
=970  11$tCreating Simple Curtain Walls$p539$5FOFT
=970  11$tDesigning a Curtain Wall$p541$5FOFT
=970  11$tCustomizing Curtain Wall Types$p548$5FOFT
=970  11$tCreating Complex Curtain Walls$p553$5FOFT
=970  11$tDividing the Surface$p554$5FOFT
=970  11$tDividing the Surface with Intersects$p556$5FOFT
=970  11$tApplying Patterns$p557$5FOFT
=970  11$tEditing the Pattern Surface$p558$5FOFT
=970  11$tSurface Representation$p559$5FOFT
=970  11$tAdding Definition$p559$5FOFT
=970  11$tCreating Custom Patterns$p568$5FOFT
=970  11$tLimiting the Size of Pattern-Based Families$p569$5FOFT
=970  11$tUsing the Adaptive Component Family$p571$5FOFT
=970  11$tScheduling Pattern-Based Panels$p573$5FOFT
=970  11$tThe Bottom Line$p574$5FOFT
=970  11$lch. 14$tFloors, Ceilings, and Roofs$p577$5FOFT
=970  11$tUnderstanding Floor Modeling Methods$p577$5FOFT
=970  11$tFloor$p577$5FOFT
=970  11$tStructural Floor$p580$5FOFT
=970  11$tFloor by Face$p582$5FOFT
=970  11$tPad$p582$5FOFT
=970  11$tSlab Edge$p583$5FOFT
=970  11$tCreating a Custom Floor Edge$p583$5FOFT
=970  11$tSketching for Floors, Ceilings, and Roofs$p587$5FOFT
=970  11$tModeling Floor Finishes$p587$5FOFT
=970  11$tSplit Face for Thin Finishes$p588$5FOFT
=970  11$tModeling Thick Finishes$p589$5FOFT
=970  11$tCreating Ceilings$p591$5FOFT
=970  11$tUnderstanding Roof Modeling Methods$p592$5FOFT
=970  11$tFootprint Roofs$p592$5FOFT
=970  11$tRoof by Extrusion$p596$5FOFT
=970  11$tRoof In-Place$p597$5FOFT
=970  11$tRoof By Face$p598$5FOFT
=970  11$tSloped Glazing$p598$5FOFT
=970  11$tSlope Arrows$p599$5FOFT
=970  11$tAdvanced Shape Editing for Floors and Roofs$p602$5FOFT
=970  11$tCreating a Roof with a Sloped Topping$p603$5FOFT
=970  11$tApplying a Variable Thickness to a Roof Layer$p605$5FOFT
=970  11$tThe Bottom Line$p606$5FOFT
=970  11$lch. 15$tFamily Editor$p607$5FOFT
=970  11$tUnderstanding the Family Editor$p608$5FOFT
=970  11$tPutting the Family Editor in Context$p608$5FOFT
=970  11$tChoosing the Right Family Template and Category$p609$5FOFT
=970  11$tCreating a Family Component$p613$5FOFT
=970  11$tHosted vs. Nonhosted$p614$5FOFT
=970  11$tFamily Category$p615$5FOFT
=970  11$tInsertion Point$p615$5FOFT
=970  11$tReference Points, Planes, and Lines$p616$5FOFT
=970  11$tVisibility Settings$p620$5FOFT
=970  11$tMaterials$p622$5FOFT
=970  11$tDimensions$p623$5FOFT
=970  11$tObject Styles and Subcategories$p625$5FOFT
=970  11$tType and Instance Parameters$p625$5FOFT
=970  11$tUsing Advanced Modeling Techniques$p627$5FOFT
=970  11$tCreating Solid and Void Relationships$p628$5FOFT
=970  11$tCarving Geometry$p630$5FOFT
=970  11$tUsing Geometry to Drive Geometry$p634$5FOFT
=970  11$tBuilding a Shelf Using Formulas and Type Catalogs$p639$5FOFT
=970  11$tModeling the Brackets$p640$5FOFT
=970  11$tNesting the Brackets$p641$5FOFT
=970  11$tAssigning Family Type Parameters$p644$5FOFT
=970  11$tCreating Parametric Arrays$p645$5FOFT
=970  11$tUsing Formulas$p647$5FOFT
=970  11$tAssociating Materials$p650$5FOFT
=970  11$tCreating and Editing Type Catalogs$p652$5FOFT
=970  11$tThe Bottom Line$p657$5FOFT
=970  11$lch. 16$tStairs and Railings$p659$5FOFT
=970  11$tHow to Approach Stairs and Railings$p659$5FOFT
=970  11$tKey Components of Stairs and Railings$p662$5FOFT
=970  11$tThe Basic Rules of Stairs$p663$5FOFT
=970  11$tComponents of Stairs$p663$5FOFT
=970  11$tComponents of Railings$p665$5FOFT
=970  11$tCreating Railings$p672$5FOFT
=970  11$tUnderstanding the Railing Tool$p672$5FOFT
=970  11$tRailings outside the Box$p675$5FOFT
=970  11$tUsing the Railing Tool for Other Objects$p681$5FOFT
=970  11$tCreating Stairs$p684$5FOFT
=970  11$tUnderstanding the Stair Tools$p684$5FOFT
=970  11$tComponents for Customizing Stairs$p687$5FOFT
=970  11$tStairs outside the Box$p700$5FOFT
=970  11$tAnnotating Stairs$p707$5FOFT
=970  11$tThe Bottom Line$p711$5FOFT
=970  11$lpt. 5$tDocumentation$p713$5FOFT
=970  11$lch. 17$tDetailing Your Design$p715$5FOFT
=970  11$tCreating Details$p715$5FOFT
=970  11$tDetail Line$p715$5FOFT
=970  11$tRegions$p718$5FOFT
=970  11$tComponents$p724$5FOFT
=970  11$tInsulation$p734$5FOFT
=970  11$tDetail Groups$p734$5FOFT
=970  11$tLinework$p735$5FOFT
=970  11$tAdding Detail Components to Families$p736$5FOFT
=970  11$tAdding Details to a Window Family$p737$5FOFT
=970  11$tVisibility Settings$p744$5FOFT
=970  11$tLearning Efficient Detailing$p746$5FOFT
=970  11$tThe Bottom Line$p748$5FOFT
=970  11$lch. 18$tDocumenting Your Design$p749$5FOFT
=970  11$tDocumenting Plans$p749$5FOFT
=970  11$tRoom Areas$p750$5FOFT
=970  11$tArea Plans$p751$5FOFT
=970  11$tCreating Schedules and Legends$p759$5FOFT
=970  11$tSchedules$p759$5FOFT
=970  11$tLegends$p769$5FOFT
=970  11$tUsing Details from Other Files$p770$5FOFT
=970  11$tLinking vs. Importing$p771$5FOFT
=970  11$tReusing Details from Other Revit Projects$p773$5FOFT
=970  11$tLaying Out Sheets$p776$5FOFT
=970  11$tAdding the Area Plan$p777$5FOFT
=970  11$tUsing Guide Grids$p778$5FOFT
=970  11$tAdding the Schedule$p780$5FOFT
=970  11$tFinishing the Sheet$p781$5FOFT
=970  11$tThe Bottom Line$p782$5FOFT
=970  11$lch. 19$tAnnotating Your Design$p785$5FOFT
=970  11$tAnnotating with Text and Keynotes$p785$5FOFT
=970  11$tUsing Text$p786$5FOFT
=970  11$tUsing Keynotes$p790$5FOFT
=970  11$tAnnotating with Tags$p802$5FOFT
=970  11$tInserting Tags$p803$5FOFT
=970  11$tUsing the Tag Tools$p804$5FOFT
=970  11$tAdding Dimensions$p808$5FOFT
=970  11$tAnnotating with Project and Shared Parameters$p815$5FOFT
=970  11$tCreating Project Parameters$p816$5FOFT
=970  11$tCreating Shared Parameters$p819$5FOFT
=970  11$tThe Bottom Line$p826$5FOFT
=970  11$lch. 20$tPresenting Your Design$p827$5FOFT
=970  11$tAdding Color Fill Legends$p827$5FOFT
=970  11$tMaking a Color Fill Legend for Rooms$p828$5FOFT
=970  11$tCustomizing a Color Fill Legend$p831$5FOFT
=970  11$tUsing Numerical Ranges for Color Schemes$p834$5FOFT
=970  11$tPresenting with 3D Views$p837$5FOFT
=970  11$tOrienting to Other Views$p837$5FOFT
=970  11$tAnnotating 3D Views$p839$5FOFT
=970  11$tEditing Viewport Types$p840$5FOFT
=970  11$tThe Bottom Line$p841$5FOFT
=970  11$lpt. 6$tConstruction and Beyond$p843$5FOFT
=970  11$lch. 21$tThe Construction Phase$p845$5FOFT
=970  11$tAdding Revisions to Your Project$p845$5FOFT
=970  11$tPlacing Revision Clouds$p848$5FOFT
=970  11$tTagging a Revision Cloud$p850$5FOFT
=970  11$tBIM and Supplemental Drawings$p851$5FOFT
=970  11$tUsing Digital Markups$p851$5FOFT
=970  11$tPublishing to Design Review$p852$5FOFT
=970  11$tImporting a Design Review Markup$p854$5FOFT
=970  11$tModeling for Construction$p855$5FOFT
=970  11$tCreating Parts$p856$5FOFT
=970  11$tCreating Assemblies$p863$5FOFT
=970  11$tThe Bottom Line$p865$5FOFT
=970  11$lch. 22$tUsing Laser Scans in Revit$p867$5FOFT
=970  11$tUnderstanding LiDAR$p867$5FOFT
=970  11$tHardware$p868$5FOFT
=970  11$tBenefits of LiDAR$p869$5FOFT
=970  11$tUnderstanding Common Uses$p870$5FOFT
=970  11$tPlanning for a LiDAR Survey$p872$5FOFT
=970  11$tExterior or Interior$p873$5FOFT
=970  11$tLevel of Detail$p873$5FOFT
=970  11$tImagery$p874$5FOFT
=970  11$tSchedule$p874$5FOFT
=970  11$tUsing the Scan in a Project$p875$5FOFT
=970  11$tWhen to Use LiDAR Information$p878$5FOFT
=970  11$tThe Bottom Line$p880$5FOFT
=970  11$lch. 23$tRevit in the Classroom$p881$5FOFT
=970  11$tVirginia Tech$p881$5FOFT
=970  11$tWashington-Alexandria Architecture Center$p882$5FOFT
=970  11$tAcademics and Real-World Experience$p883$5FOFT
=970  11$tBIM and the Design Process$p883$5FOFT
=970  11$tStudio Integration$p884$5FOFT
=970  11$tSite Analysis$p884$5FOFT
=970  11$tVasari$p884$5FOFT
=970  11$tConceptual Becomes Architectural$p887$5FOFT
=970  11$tParametric Modeling$p888$5FOFT
=970  11$tPresentation Techniques$p889$5FOFT
=970  11$tEnd of Semester Party$p891$5FOFT
=970  11$tStudent Showcase$p892$5FOFT
=970  11$tJonathan Brockett$p892$5FOFT
=970  11$tByron Knowlson$p893$5FOFT
=970  11$tScott Archer$p895$5FOFT
=970  11$tWei Yao$p897$5FOFT
=970  11$tJose DaSilva$p898$5FOFT
=970  11$tThe Bottom Line$p900$5FOFT
=970  11$lch. 24$tEssential Hardware$p901$5FOFT
=970  11$tiPad$p901$5FOFT
=970  11$tCapturing Images$p901$5FOFT
=970  11$tDigital Sketching$p903$5FOFT
=970  11$tStylus vs. Finger$p904$5FOFT
=970  11$tWacom Tablet$p905$5FOFT
=970  11$tDigital Modeling$p905$5FOFT
=970  11$tA Few Best Practices$p906$5FOFT
=970  11$t3Dconnexion$p907$5FOFT
=970  11$tA Few Best Practices$p908$5FOFT
=970  11$tThe Bottom Line$p908$5FOFT
=970  11$lch. 25$tGetting Acquainted with the API$p911$5FOFT
=970  11$tIntroducing the Revit API$p911$5FOFT
=970  11$tRevit 2013 Software Development Kit$p912$5FOFT
=970  11$tThe Revit Lookup Utility$p912$5FOFT
=970  11$tRevit API Project Types$p913$5FOFT
=970  11$tExternal Commands$p913$5FOFT
=970  11$tExternal Applications$p915$5FOFT
=970  11$tDatabase-Level Applications$p917$5FOFT
=970  11$tExternal Utility Installation$p919$5FOFT
=970  11$tSelecting Your Development Environment$p920$5FOFT
=970  11$tThe Sample Add-In Project$p920$5FOFT
=970  11$tVisual Studio Debug Settings$p923$5FOFT
=970  11$tAdding a User Form$p924$5FOFT
=970  11$tThe Command Class$p936$5FOFT
=970  11$tThe Application Class$p939$5FOFT
=970  11$tSetting Up the .addin Manifest Installation$p941$5FOFT
=970  11$tAutomating the Installation of the Manifest File$p942$5FOFT
=970  11$tRunning the Sample from the Debugger$p943$5FOFT
=970  11$tAdditional API Resources$p944$5FOFT
=970  11$tThe Bottom Line$p945$5FOFT
=970  11$lch. 26$tRevit for Film and Stage$p947$5FOFT
=970  11$tRevit in the Film Industry$p947$5FOFT
=970  11$tUsing Revit in the Design-to-Production Process$p948$5FOFT
=970  11$tDesign Interaction$p949$5FOFT
=970  11$tLead Time and Production$p950$5FOFT
=970  11$tScheduling$p951$5FOFT
=970  11$tDetails$p952$5FOFT
=970  11$tDimensions$p952$5FOFT
=970  11$tLevel of Detail$p953$5FOFT
=970  11$tFabrication$p953$5FOFT
=970  11$tConstruction$p955$5FOFT
=970  11$tPrevisualization in Revit$p956$5FOFT
=970  11$tForm/Transparency$p956$5FOFT
=970  11$tLighting/Shadows$p957$5FOFT
=970  11$tMaterials$p958$5FOFT
=970  11$tRendering and Visualization$p958$5FOFT
=970  11$tPhotorealistic Renderings$p963$5FOFT
=970  11$tExploded Views$p963$5FOFT
=970  11$tRevit to CGI Workflow$p964$5FOFT
=970  11$tBest Practices for Film and Stage$p966$5FOFT
=970  11$tLevel of Detail$p966$5FOFT
=970  11$tGeometric Flexibility$p966$5FOFT
=970  11$tDesign Alternatives$p966$5FOFT
=970  11$tNesting Geometry$p967$5FOFT
=970  11$tFamily Category$p967$5FOFT
=970  11$tAdvanced Geometry Creation$p969$5FOFT
=970  11$tWorksharing$p970$5FOFT
=970  11$tIndustry Examples$p970$5FOFT
=970  11$tI, Robot$p971$5FOFT
=970  11$tFantastic Four$p972$5FOFT
=970  11$tX-Men: The Last Stand$p973$5FOFT
=970  11$tSnakes on a Plane$p974$5FOFT
=970  11$tFantastic Four: Rise of the Silver Surfer$p975$5FOFT
=970  11$tNight at the Museum: Battle of the Smithsonian$p976$5FOFT
=970  11$tWatchmen$p976$5FOFT
=970  11$tIron Legacy$p979$5FOFT
=970  11$tSucker Punch$p982$5FOFT
=970  11$tThe Bottom Line$p987$5FOFT
=970  11$lch. 27$tBIM in the Cloud$p989$5FOFT
=970  11$tUnderstanding the Latest in BIM Cloud-Based Technology$p989$5FOFT
=970  11$tVirtual Workstations$p990$5FOFT
=970  11$tPhysical Workstations$p991$5FOFT
=970  11$tCollaboration with Owner, Design, and Construction Teams$p992$5FOFT
=970  11$tSingle-Cloud Collaboration$p993$5FOFT
=970  11$tMultiple-Cloud Collaboration$p994$5FOFT
=970  11$tHow the Autodesk Cloud Fits into Your BIM Cloud Collaboration Strategy$p994$5FOFT
=970  11$tIntegrating a BIM Cloud into Your Overall IT Strategy$p995$5FOFT
=970  11$tPublic Cloud Strategy$p995$5FOFT
=970  11$tPrivate Cloud Strategy$p996$5FOFT
=970  11$tHosted Private Cloud Strategy$p997$5FOFT
=970  11$tThe Bottom Line$p998$5FOFT
=970  11$tAppendices$p999$5FOFT
=970  11$lAppendix A$tThe Bottom Line$p1001$5FOFT
=970  11$lch. 1$tIntroduction: The Basics of BIM$p1001$5FOFT
=970  11$lch. 2$tPrinciples: UI and Project Organization$p1002$5FOFT
=970  11$lch. 3$tThe Basics of the ToolBox$p1002$5FOFT
=970  11$lch. 4$tConfiguring Templates and Standards$p1003$5FOFT
=970  11$lch. 5$tManaging a Project$p1004$5FOFT
=970  11$lch. 6$tUnderstanding Worksharing$p1005$5FOFT
=970  11$lch. 7$tWorking with Consultants$p1006$5FOFT
=970  11$lch. 8$tInteroperability: Working Multiplatform$p1007$5FOFT
=970  11$lch. 9$tAdvanced Modeling and Massing$p1008$5FOFT
=970  11$lch. 10$tConceptual Design and Sustainability$p1009$5FOFT
=970  11$lch. 11$tWorking with Phasing, Groups, and Design Options$p1010$5FOFT
=970  11$lch. 12$tVisualization$p1011$5FOFT
=970  11$lch. 13$tWalls and Curtain Walls$p1012$5FOFT
=970  11$lch. 14$tFloors, Ceilings, and Roofs$p1013$5FOFT
=970  11$lch. 15$tFamily Editor$p1014$5FOFT
=970  11$lch. 16$tStairs and Railings$p1015$5FOFT
=970  11$lch. 17$tDetailing Your Design$p1016$5FOFT
=970  11$lch. 18$tDocumenting Your Design$p1017$5FOFT
=970  11$lch. 19$tAnnotating Your Design$p1018$5FOFT
=970  11$lch. 20$tPresenting Your Design$p1019$5FOFT
=970  11$lch. 21$tThe Construction Phase$p1020$5FOFT
=970  11$lch. 22$tUsing Laser Scans in Revit$p1021$5FOFT
=970  11$lch. 23$tRevit in the Classroom$p1021$5FOFT
=970  11$lch. 24$tEssential Hardware$p1022$5FOFT
=970  11$lch. 25$tGetting Acquainted with the API$p1023$5FOFT
=970  11$lch. 26$tRevit for Film and Stage$p1023$5FOFT
=970  11$lch. 27$tBIM in the Cloud$p1024$5FOFT
=970  11$lAppendix B$tTips, Tricks, and Troubleshooting$p1027$5FOFT
=970  11$tOptimizing Performance$p1027$5FOFT
=970  11$tUsing Best Practices$p1030$5FOFT
=970  11$tFixing File Corruption$p1034$5FOFT
=970  11$tApplying Tips and Shortcuts$p1035$5FOFT
=970  11$tAdditional Resources$p1038$5FOFT
=970  11$lAppendix C$tAutodesk Revit Architecture 2013 Certification$p1041$5FOFT
=970  01$tIndex$p1049$5FOFT

