=LDR  01099cgm a2200265Ii 4500
=001  032580239
=005  20140416133357.0
=006  m||||||||c||||||||
=007  cr||n|\\\||a|a
=007  vz||zazu|
=008  010213s2000\\\\nyu044\\\\\\\\s\\|vleng\d
=035  \\$a(VaAlASP)ASP1002863417/vast
=040  \\$aVaAIASP$cVaAIASP
=245  00$aBay of Pigs$h[electronic resource] /$cA&E Television Networks.
=260  \\$aNew York, NY :$bA&E Television Networks,$cc2000.
=300  \\$a1 online resource (44 min.).
=490  0\$aDeclassified
=490  0\$aVAST: Academic Video Online
=590  \\$a(CaEvSKY)sky233834815
=590  \\$a(OCoLC)677927700
=500  \\$aPreviously published as DVD.
=533  \\$aElectronic reproduction.$bAlexandria, VA :$cAlexander Street Press,$d2009.$f(VAST: Academic Video Online).$nAvailable via World Wide Web.
=651  \0$aCuba$xHistory$yInvasion 1961.
=776  1\$cOriginal catalog number$o10020331
=856  40$uhttp://famuproxy.fcla.edu/login?url=http://www.aspresolver.com/aspresolver.asp?VAST;734204$yFAMU: Off-campus access limited to current FAMU students & employees$5FTaFA

