=LDR  01240ngm a22002893i 4500
=001  032580478
=005  20140416135352.0
=006  m||||||||c||||||||
=007  cr||n|\\\||a|a
=007  vz||zazu|
=008  080405s1957\\\\dcu029||||||||s|||vleng|d
=035  \\$a(VaAlASP)ASP1003005941/vast
=040  \\$aVaAlASP$cVaAIASP$dVaAIASP
=245  00$aArmored combat power$h[electronic resource].
=260  \\$aWashington D.C. :$bArmy Pictorial Service,$c1957.
=300  \\$a1 online resource (29 min.).
=490  0\$aBig picture ;$vepisode 389
=490  0\$aVAST: Academic Video Online
=590  \\$a(CaEvSKY)sky235359983
=590  \\$a(OCoLC)701797176
=500  \\$aPreviously published as DVD.
=500  \\$aTitle from resource description page (viewed Nov. 26, 2010).
=533  \\$aElectronic reproduction.$bAlexandria, VA :$cAlexander Street Press,$d2010.$f(VAST: Academic Video Online).$nAvailable via World Wide Web.
=650  \0$aArmored vehicles, Military.
=710  2\$aUnited States.$bArmy Pictorial Center.
=710  1\$aUnited States.$bDepartment of the Army
=856  40$uhttp://famuproxy.fcla.edu/login?url=http://www.aspresolver.com/aspresolver.asp?VAST;772473$yFAMU: Off-campus access limited to current FAMU students & employees$5FTaFA

