=LDR  01250ngm a22002893i 4500
=001  032580764
=005  20140416170418.0
=006  m||||||||c||||||||
=007  cr||n|\\\||a|a
=007  vz||zazu|
=008  080405q19671975dcu029||||||||s|||vleng|d
=035  \\$a(VaAlASP)ASP1003006153/vast
=040  \\$aVaAlASP$cVaAIASP$dVaAIASP
=245  00$aVietnam crucible$h[electronic resource].
=260  \\$aWashington D.C. :$bArmy Pictorial Service,$c[between 1967 and 1975]
=300  \\$a1 online resource (29 min.).
=490  0\$aBig picture ;$vepisode 736
=490  0\$aVAST: Academic Video Online
=590  \\$a(CaEvSKY)sky235360235
=590  \\$a(OCoLC)701797649
=500  \\$aPreviously published as DVD.
=500  \\$aTitle from resource description page (viewed Nov. 26, 2010).
=533  \\$aElectronic reproduction.$bAlexandria, VA :$cAlexander Street Press,$d2010.$f(VAST: Academic Video Online).$nAvailable via World Wide Web.
=650  \0$aVietnam War, 1961-1975.
=710  2\$aUnited States.$bArmy Pictorial Center.
=710  1\$aUnited States.$bDepartment of the Army
=856  40$uhttp://famuproxy.fcla.edu/login?url=http://www.aspresolver.com/aspresolver.asp?VAST;774621$yFAMU: Off-campus access limited to current FAMU students & employees$5FTaFA

