=LDR  04506cgm a22004933i 4500
=001  032580980
=005  20140416170657.0
=006  m||||||||c||||||||
=007  cr||n|\\\||a|a
=007  vz||zazu|
=008  920724s1903\\\\xxu002\\\\\\\\s\\|mleng\d
=035  \\$a(VaAlASP)ASP1003084693/vast
=040  \\$aDLC$cDLC$eamim$dVaAlASP
=043  \\$an-us-ca
=245  00$aTR in San Francisco, 1903$h[electronic resource] /$c[production company unknown].
=246  3\$aPresident Roosevelt in San Francisco, 1903
=246  3\$aTheodore Roosevelt in San Francisco, 1903
=246  3\$aTR in San Francisco
=260  \\$a[United States :$bs.n.,$c1903]
=300  \\$a1 online resource (2 min.).
=490  0\$aTheodore Roosevelt
=490  0\$aVAST: Academic Video Online
=590  \\$a(CaEvSKY)sky235359918
=590  \\$a(OCoLC)701797975
=500  \\$aCopyright: no reg.
=500  \\$aOriginal duration: 2:26 at 15 fps.
=500  \\$aPreviously published as DVD.
=520  \\$aPresident Roosevelt reviewed the school children of San Francisco from 10:00am to 10:30am on Wednesday, May 13, 1903. An estimated 40,000 school children gathered along both sides of Van Ness Avenue, west of the downtown area, for the parade. The wide north-south boulevard, partially lined with the mansions of the wealthy, was the approximate boundary between the old gold rush era city (to the east) and the newer western addition to the west. To better organize the students, each school was assigned a specific block and each student was given a flag to wave. Many adults were also on hand to watch the parade, which entered Van Ness at Pacific Avenue, proceeded south to Market Street, then doubled back up Van Ness to Pacific. The presidential carriage kept to the right so that all the children could get a good view of the President.
=520  8\$aThe following is a scene-by-scene description of the film: The camera was positioned on the southeast corner of O'Farrell Street and Van Ness Avenue, and pans from north to west to south, and then back to west. The view is north on Van Ness Avenue toward the approaching band and cavalry. Students of Whittier School are in the foreground. The band passing at left is led by conductor Paul Steindorff. Following the band are the Cleveland Grays, a noted black cavalry troop, led by Captain Young, the first black graduate of West Point. After a cut in the continuity of the film, the President's carriage approaches along the west side of the avenue. Behind cheering crowds rises the Baltimore Family Hotel at Geary Street and Van Ness Avenue. Students of the Moulder, Laguna Honda, and Oceanside Schools wave from the steps of St. Mary's Roman Catholic Cathedral (1891) as the President passes. The cathedral burned in 1962, and the new cathedral (1971) stands two blocks to the west. The view is west up O'Farrell Street as the President passes, waving his top hat. Students of Hearst School wave from the steps of Victorian homes. An officer of the 9th U.S. Cavalry follows the Presidential carriage. The narrow, wooden tower may be a converted windmill. Following another cut in the film, the return sequence begins. The camera looks south to see students of Rincon and Jefferson schools welcoming the returning presidential carriage. In the background are the towers of St. Ignatius Church on Hayes Street. In the middle at right are some of the mansions along Van Ness Avenue. The President passes, looking rather tired. Secret Service agents walk with the carriage.
=533  \\$aElectronic reproduction.$bAlexandria, VA :$cAlexander Street Press,$d2010.$f(VAST: Academic Video Online).$nAvailable via World Wide Web.
=600  10$aRoosevelt, Theodore,$d1858-1919$xTravel.
=610  20$aCleveland Grays (Organization)
=610  20$aUnited States.$bArmy$xAfrican American troops.
=610  20$aUnited States.$bArmy.$bCavalry.
=650  \0$aCommercial buildings$zCalifornia$zSan Francisco.
=650  \0$aHorse-drawn vehicles$zCalifornia$zSan Francisco.
=650  \0$aParades$zCalifornia$zSan Francisco.
=650  \0$aPresidents$xTravel$zCalifornia$zSan Francisco.
=650  \0$aStreets$zCalifornia$zSan Francisco.
=651  \0$aSan Francisco (Calif.)
=700  1\$aRoosevelt, Theodore,$d1858-1919.
=776  1\$cOriginal$w(DLC) 00694419
=776  1\$cOriginal$wsfr92000017
=856  40$uhttp://famuproxy.fcla.edu/login?url=http://www.aspresolver.com/aspresolver.asp?VAST;782548$yFAMU: Off-campus access limited to current FAMU students & employees$5FTaFA

