=LDR  01458ngm a22003373i 4500
=001  032581580
=005  20140416171516.0
=006  m||||||||c||||||||
=007  cr|cna\\\||a|a
=007  vz||zazu|
=008  080405s1968\\\\mau|||||||||||s||||lsai|d
=035  \\$a(VaAlASP)ASP783911/vast
=040  \\$aVaAlASP$cVaAIASP
=245  02$aA woman spins$h[electronic resource] /$cby Timothy Asch and Napoleon Chagnon.
=260  \\$aWatertown, Mass. :$bDocumentary Educational Resources,$c1968.
=300  \\$a1 online resource (6 min.).
=490  0\$aVAST: Academic Video Online
=490  0\$aYanomamo shorts
=590  \\$a(CaEvSKY)sky235462740
=590  \\$a(OCoLC)701798499
=500  \\$aPreviously published as DVD.
=500  \\$aTitle from resource description page (viewed Dec. 23, 2010).
=518  \\$aRecorded in Amazon basin, southern Venezuela.
=520  \\$aYanomamo Shorts Disk 1 and 2 combine 17 short Yanomamo films.
=533  \\$aElectronic reproduction.$bAlexandria, VA :$cAlexander Street Press,$d2010.$f(VAST: Academic Video Online).$nAvailable via World Wide Web.
=650  \0$aField recordings.
=650  \0$aYanomamo Indians$xSocial life and customs.
=700  1\$aAsch, Timothy.
=700  1\$aChagnon, Napoleon A.,$d1938-
=776  1\$cOriginal$w(OCoLC)701798499
=856  40$uhttp://famuproxy.fcla.edu/login?url=http://www.aspresolver.com/aspresolver.asp?VAST;783911$yFAMU: Off-campus access limited to current FAMU students & employees$5FTaFA

