=LDR  01930cgm a2200529Mi 4500
=001  032582493
=005  20140416172939.0
=006  m||||||||c||||||||
=007  cr||n|\\\||a|a
=007  vz||zazu|
=008  080405s1972\\\\xx\018\g\\\\\\s\\|vleng\d
=035  \\$a(VaAlASP)ASP452551/vast
=040  \\$aVaAlASP$cVaAlASP
=245  00$aFlickers$h[electronic resource] :$bedited version : speaking of dance.
=246  3\$aFlickers
=246  3\$aFlickers (1941)
=246  3\$aFlickers :$bedited version
=260  \\$a[S.l.] :$bAmerican Dance Festival,$cp1972?
=300  \\$a1 online resource (18 min.).
=490  0\$aSpeaking of dance
=490  0\$aVAST: Academic Video Online
=590  \\$a(CaEvSKY)sky246263939
=590  \\$a(OCoLC)593764663
=500  \\$aDescription based on online resource; title from landing page (Alexander Street Press Dance in Video) website (viewed May 8, 2009).
=500  \\$aPreviously released on DVD.
=533  \\$aElectronic reproduction.$bAlexandria, VA :$cAlexander Street Press,$d2011.$f(VAST: Academic Video Online).$nAvailable via World Wide Web.
=650  \0$aBallet.
=650  \0$aModern dance.
=700  1\$aDeGange, Ann.
=700  1\$aJohnson, Raymond.
=700  1\$aJordan, Ryland.
=700  1\$aKnisel, Pamela.
=700  1\$aLamb, Rael.
=700  1\$aMajors, Dalienne.
=700  1\$aNowak, Lionel,$d1911-1995.
=700  1\$aParker, Randall Faxon.
=700  1\$aScher, Nancy.
=700  1\$aStevens, Marc,$cdancer.
=700  1\$aStriggles, Ted.
=700  1\$aTamay, Linda.
=700  1\$aWatt, Nina.
=700  1\$aWeidman, Charles.
=700  1\$aWoodin, Peter.
=700  1\$aZalkind, Debra.
=710  2\$aAmerican Dance Festival Video (Firm)
=710  2\$aAmerican Dance Festival.
=856  40$uhttp://famuproxy.fcla.edu/login?url=http://www.aspresolver.com/aspresolver.asp?VAST;452551$yFAMU: Off-campus access limited to current FAMU students & employees$5FTaFA

