=LDR  01346ngm a22003253i 4500
=001  032583295
=005  20140416174725.0
=006  m||||||||c||||||||
=007  cr||n|\\\||a|a
=007  vz||zazu|
=008  110831q19992009at\006|g||||||s|||vleng|d
=035  \\$a(VaAlASP)ASP1663951/vast
=040  \\$aVaAlASP$cVaAlASP
=245  00$a1965$h[electronic resource].
=260  \\$aGeelong, Australia :$bWorld Wide Entertainment,$c[between 1999 and 2009?]
=300  \\$a1 online resource (6 min.).
=490  0\$aMain event ;$v23
=490  0\$aVAST: Academic Video Online
=590  \\$a(CaEvSKY)sky245020108
=590  \\$a(OCoLC)767805994
=500  \\$aPreviously published as DVD.
=500  \\$aTitle from resource description page (viewed Sept. 1, 2011).
=533  \\$aElectronic reproduction.$bAlexandria, VA :$cAlexander Street Press,$d2011.$f(VAST: Academic Video Online).$nAvailable via World Wide Web.
=546  \\$aEnglish.
=650  \0$aVietnam War, 1961-1975.
=651  \0$aUnited States$xForeign relations$zVietnam.
=651  \0$aUnited States$xMilitary policy$x20th century.
=651  \0$aVietnam$xForeign relations$zUnited States.
=655  \0$aDocumentary.
=856  40$uhttp://famuproxy.fcla.edu/login?url=http://www.aspresolver.com/aspresolver.asp?VAST;1663951$yFAMU: Off-campus access limited to current FAMU students & employees$5FTaFA

