=LDR  01414ngm a22003253i 4500
=001  032583526
=005  20140416175059.0
=006  m||||||||c||||||||
=007  cr||n|\\\||a|a
=007  vz||zazu|
=008  080405q19031918enk013|g||||||s|||vleng|d
=035  \\$a(VaAlASP)ASP1520997/vast
=040  \\$aVaAlASP$cVaAlASP
=245  00$aAncient Rome in Africa$h[electronic resource] :$bglimpses of the ruined cities of Timgad , El Djem and Carthage.
=246  3\$aAncient Rome in Africa
=260  \\$aLondon, England :$bCharles Urban Trading Company,$c[between 1903 and 1918?]
=300  \\$a1 online resource (13 min.).
=490  0\$aPrelinger Archives
=490  0\$aVAST: Academic Video Online
=590  \\$a(CaEvSKY)sky238189840
=590  \\$a(OCoLC)708216789
=500  \\$aPreviously published as DVD.
=500  \\$aTitle from resource description page (viewed Feb. 24, 2011).
=533  \\$aElectronic reproduction.$bAlexandria, VA :$cAlexander Street Press,$d2011.$f(VAST: Academic Video Online).$nAvailable via World Wide Web.
=651  \0$aAlgeria$xAntiquities, Roman.
=651  \0$aCarthage (Extinct city)$xAntiquities.
=651  \0$aThamugadi (Extinct city)$xAntiquities.
=655  \0$aDocumentary.
=700  1\$aDickson, J. D.
=856  40$uhttp://famuproxy.fcla.edu/login?url=http://www.aspresolver.com/aspresolver.asp?VAST;1520997$yFAMU: Off-campus access limited to current FAMU students & employees$5FTaFA

