=LDR  01330ngm a22002893i 4500
=001  032583780
=005  20140416175434.0
=006  m||||||||c||||||||
=007  cr||n|\\\||a|a
=007  vz||z|zu|
=008  080405s1995\\\\nyu048||||||||s|||vleng|d
=035  \\$a(VaAlASP)ASP1001069787/vast
=040  \\$aVaAlASP$cVaAIASP$dVaAIASP
=245  00$aPicture perfect$h[electronic resource] :$bthe pomp and vision of Mathew Brady /$cvideo produced by Arthur Drooker.
=260  \\$aNew York, NY :$bA&E Television Networks,$c[1995?]
=300  \\$a1 electronic resource (48 min.).
=490  0\$aCivil War journal
=490  0\$aVAST: Academic Video Online
=590  \\$a(OCoLC)677926583
=500  \\$aTitle from resource description page (viewed Apr. 19, 2010).
=533  \\$aElectronic reproduction.$bAlexandria, VA :$cAlexander Street Press,$d2009.$f(VAST: Academic Video Online).$nAvailable via World Wide Web.
=600  10$aBrady, Mathew B.,$dca. 1823-1896.
=650  \0$aPhotographers$zUnited States$xHistory$y19th century.
=651  \0$aUnited States$xHistory$yCivil War, 1861-1865$xPhotography.
=700  1\$aDrooker, Arthur.
=700  1\$aLusitana, Donna E.
=856  40$uhttp://famuproxy.fcla.edu/login?url=http://www.aspresolver.com/aspresolver.asp?VAST;517188$yFAMU: Off-campus access limited to current FAMU students & employees$5FTaFA

