=LDR  01039ngm a22002413i 4500
=001  032584283
=005  20140416180053.0
=006  m||||||||c||||||||
=007  cr||n|\\\||a|a
=007  vz||z|zu|
=008  080405s1952\\\\xxu015||||||||s|||vleng|d
=035  \\$a(VaAlASP)ASP1002992446/vast
=040  \\$aVaAlASP$cVaAIASP$dVaAIASP
=245  00$aVice admiral Oscar C. Badger$h[electronic resource].
=260  \\$a[United States] :$bColumbia Broadcasting System,$c1952.
=300  \\$a1 electronic resource (15 min.).
=490  0\$aChronoscope
=490  0\$aVAST: Academic Video Online
=590  \\$a(OCoLC)677927787
=500  \\$aTitle from resource description page (viewed Apr. 19, 2010).
=533  \\$aElectronic reproduction.$bAlexandria, VA :$cAlexander Street Press,$d2009.$f(VAST: Academic Video Online).$nAvailable via World Wide Web.
=600  10$aBadger, Oscar C.
=856  40$uhttp://famuproxy.fcla.edu/login?url=http://www.aspresolver.com/aspresolver.asp?VAST;753505$yFAMU: Off-campus access limited to current FAMU students & employees$5FTaFA

