=LDR  01466ngm a22003373i 4500
=001  032590047
=005  20150309104143.0
=006  m||||||||c||||||||
=007  cr||n|\\\||a|a
=007  vz||zazu|
=008  111126s1999\\\\mou043||\\\\\\s\\|vleng\d
=035  \\$a(VaAlASP)ASP1678876/vand
=040  \\$aVaAlASP$cVaAlASP
=245  00$aSuicide by cop$h[electronic resource].
=260  \\$aSt. Louis, MO :$bLine of Duty,$c1999.
=300  \\$a1 online resource (43 min.).
=490  0\$aIn the line of duty ;$vv. 4, no. 10
=490  0\$aVAST: Academic video online
=590  \\$a(CaEvSKY)sky246677508
=590  \\$a(OCoLC)780142159
=500  \\$aTitle from resource description page (viewed Dec. 6, 2011).
=530  \\$aPreviously published as DVD.
=533  \\$aElectronic reproduction.$bAlexandria, VA :$cAlexander Street Press,$d2011.$f(VAST: Academic video online).$nAvailable via World Wide Web.
=650  \0$aPolice shootings.
=650  \0$aPolice training.
=650  \0$aSuicide by cop.
=655  \0$aDocumentary.
=700  1\$aBarber, Ron.$4pro
=700  1\$aMarsh, Don$q(Don W.)$4pro
=856  40$uhttp://famuproxy.fcla.edu/login?url=http://www.aspresolver.com/aspresolver.asp?VASC;1678876$yFAMU: Off-campus access limited to current FAMU students & employees$5FTaFA
=856  40$uhttp://ezproxy.fgcu.edu/login?url=http://www.aspresolver.com/aspresolver.asp?VASC;1678876$yConnect now$zFGCU: Off-campus access limited to current FGCU students & employees$5FFmFGC

