=LDR  01911cgm a2200385Ia 4500
=001  032591111
=005  20150312102704.0
=006  m||||||||c||||||||
=007  cr||n|\\\||a|a
=007  vz||zazu|
=008  120427s2011\\\\vau026\g\\\\\\s\\|vleng\d
=035  \\$a(VaAlASP)ASP1678183/vand
=040  \\$aVaAlASP$cVaAlASP
=245  04$aThe holy city$h[electronic resource] /$cby Dawn Deme and Brian McGowan.
=260  \\$aFalls Church, VA :$bLandmark Media,$c2011.
=300  \\$a1 online resource (26 min.).
=490  0\$aHoly land, holy people ;$vpt. 2
=490  0\$aVAST: Academic video online
=590  \\$a(CaEvSKY)sky247861361
=590  \\$a(OCoLC)794308248
=500  \\$aPreviously published as DVD.
=500  \\$aTitle from resource description page (viewed Apr. 27, 2012).
=520  \\$aExamines the critical place of Jerusalem within all three religions. The history and current status of Jerusalem through the eyes of religious leaders and activists who are determined to achieve peace and social justice for everyone who calls Jerusalem a Holy City.
=533  \\$aElectronic reproduction.$bAlexandria, VA :$cAlexander Street Press,$d2011.$f(VAST: Academic video online).$nAvailable via World Wide Web.
=546  \\$aEnglish.
=650  \0$aChristianity$zJerusalem$xRelations.
=650  \0$aIslam$zJerusalem$xRelations.
=650  \0$aJudaism$zJerusalem$xRelations.
=651  \0$aIsrael$xReligion.
=651  \0$aJerusalem$xReligion.
=700  1\$aDeme, Dawn.
=700  1\$aDeme, Steven J.
=700  1\$aMcGowan, Brian.
=856  40$uhttp://famuproxy.fcla.edu/login?url=http://www.aspresolver.com/aspresolver.asp?VAST;1678183$yFAMU: Off-campus access limited to current FAMU students & employees$5FTaFA
=856  40$uhttp://ezproxy.fgcu.edu/login?url=http://www.aspresolver.com/aspresolver.asp?VAST;1678183$yConnect now$zFGCU: Off-campus access limited to current FGCU students & employees$5FFmFGC

