=LDR  01455ngm a22003613a 4500
=001  032591392
=005  20140418143645.0
=006  m||||||||c||||||||
=007  cr||n|\\\||a|a
=007  vz||zazu|
=008  120629s1987\\\\enk027\g||||||s|||vleng|d
=035  \\$a(VaAlASP)ASP1752057/vast
=040  \\$aVaAlASP$cVaAlASP
=245  00$aLevi 501 jeans$h[electronic resource].
=260  \\$aLondon, England :$bBBC,$c1987.
=300  \\$a1 online resource (27 min.).
=490  0\$aDesign classics ;$vseries 1, no. 6
=490  0\$aVAST: Academic video online
=590  \\$a(CaEvSKY)sky249903352
=590  \\$a(OCoLC)808814655
=500  \\$aTitle from resource description page (viewed Jul. 13, 2012).
=530  \\$aPreviously released as DVD.
=533  \\$aElectronic reproduction.$bAlexandria, VA :$cAlexander Street Press,$d2012.$f(VAST: Academic video online).$nAvailable via World Wide Web.
=546  \\$aThis edition in English.
=610  20$aLevi Strauss and Company.
=650  \0$aJeans (Clothing)
=650  \0$aJeans (Clothing)$xHistory.
=650  \0$aJeans (Clothing)$xMarketing.
=655  \7$aDocumentary television programs.$2lcgft
=655  \7$aNon-fiction television programs.$2lcgft
=700  1\$aRobinson, Jancis,$cnarrator.$4nrt
=856  40$uhttp://famuproxy.fcla.edu/login?url=http://www.aspresolver.com/aspresolver.asp?VAST;1752057$yFAMU: Off-campus access limited to current FAMU students & employees$5FTaFA
=945  \\$aThe Whole World

