=LDR  01777ngm a22003853a 4500
=001  032591689
=005  20150312102838.0
=006  m||||||||c||||||||
=007  cr||n|\\\||a|a
=007  vz||zazu|
=008  120629s2001\\\\enk025\g||||||s|||vleng|d
=035  \\$a(VaAlASP)ASP1760650/vast
=040  \\$aVaAlASP$cVaAlASP
=100  1\$aSayers, Jane,$cdirector.$4drt
=245  14$aThe scent of evil$h[electronic resource] /$cHosted by Dr. Richard Shepard.
=260  \\$aLondon, England :$bTVF International,$c2001.
=300  \\$a1 online resource (25 min.).
=490  0\$aBodies of evidence ;$v2
=490  0\$aVAST: Academic video online
=590  \\$a(CaEvSKY)sky250723520
=590  \\$a(OCoLC)812279952
=500  \\$aTitle from resource description page (viewed Jul. 13, 2012).
=530  \\$aPreviously released as DVD.
=533  \\$aElectronic reproduction.$bAlexandria, VA :$cAlexander Street Press,$d2012.$f(VAST: Academic video online).$nAvailable via World Wide Web.
=546  \\$aThis edition in English.
=650  \0$aForensic sciences$zGreat Britain$vCase studies.
=650  \0$aHomicide investigation$zGreat Britain$vCase studies.
=655  \7$aDocumentary television programs.$2lcgft
=655  \7$aNon-fiction television programs.$2lcgft
=700  1\$aCalman, Stephanie.$4nrt
=700  1\$aMason, Louise.$4pro
=700  1\$aShepherd, Richard,$cDMJ.$4spk
=856  40$uhttp://famuproxy.fcla.edu/login?url=http://www.aspresolver.com/aspresolver.asp?VAST;1760650$yFAMU: Off-campus access limited to current FAMU students & employees$5FTaFA
=856  40$uhttp://ezproxy.fgcu.edu/login?url=http://www.aspresolver.com/aspresolver.asp?VAST;1760650$yConnect now$zFGCU: Off-campus access limited to current FGCU students & employees$5FFmFGC
=945  \\$aNorth America

