=LDR  02093ngm a22003373a 4500
=001  032591952
=005  20140418144429.0
=006  m||||||||c||||||||
=007  cr||n|\\\||a|a
=007  vz||zazu|
=008  120229s2010\\\\enk027||||||||s|||vleng|d
=035  \\$a(VaAlASP)ASP1737658/vast
=040  \\$aVaAlASP$cVaAlASP
=245  00$aConservative$h[electronic resource].
=260  \\$a[England] :$bTeachers TV/UK Department of Education,$c2010.
=300  \\$a1 online resource (27 min.).
=490  0\$aElection 2010 testing the parties ;$v1
=490  0\$aVAST: Academic video online
=590  \\$a(CaEvSKY)sky253351221
=590  \\$a(OCoLC)808817991
=500  \\$aTitle from resource description page (viewed Mar. 5, 2012).
=520  \\$aConservative Education spokesman Nick Gibb MP, is quizzed by a panel of school staff on the Conservative education policies for the upcoming election. The chair is Mike Baker. At election time, education is always a hot topic, and 2010 is no exception. We've recruited a panel of school staff from Teaching Assistant to Governor to find out what each party is promising teachers and schools if they win the general election. Mike Baker hosts a series of three debate programmes in which MPs from the major parties take the hot seat ; they face the headteacher of England's first federated school, and a trio of award-winning school staff including the Teaching Awards Primary Teacher of the Year 2009.
=530  \\$aPreviously released as DVD.
=533  \\$aElectronic reproduction.$bAlexandria, VA :$cAlexander Street Press,$d2012.$f(VAST: Academic video online).$nAvailable via World Wide Web.
=546  \\$aThis edition in English.
=650  \0$aEducation and state$zGreat Britain.
=655  \7$aNonfiction television programs.$2lcgft
=655  \7$aTelevision interviews.$2lcgft
=776  1\$cOriginal publisher catalog number$oC/4316/001
=856  40$uhttp://famuproxy.fcla.edu/login?url=http://www.aspresolver.com/aspresolver.asp?VAST;1737658$yFAMU: Off-campus access limited to current FAMU students & employees$5FTaFA
=945  \\$aThe Whole World

