=LDR  02194ngm a22003613a 4500
=001  032592163
=005  20140418144712.0
=006  m||||||||c||||||||
=007  cr||n|\\\||a|a
=007  vz||zazu|
=008  120229s2006\\\\enk014||||||||s|||vleng|d
=035  \\$a(VaAlASP)ASP1730866/vast
=040  \\$aVaAlASP$cVaAlASP
=245  00$aDeveloping composition$h[electronic resource].
=260  \\$a[England] :$bTeachers TV/UK Department of Education,$c2006.
=300  \\$a1 online resource (14 min.).
=490  0\$aKS1/2 music ;$v2
=490  0\$aVAST: Academic video online
=590  \\$a(CaEvSKY)sky253350083
=590  \\$a(OCoLC)808818123
=500  \\$aTitle from resource description page (viewed Mar. 5, 2012).
=520  \\$aA case study looking at how to help KS2 classes develop simple ideas into a structured piece of music, in this case a piece of music with three sections, composed to reflect the emotions of WW2 evacuees. Dianne Campbell teaches the Year 4 class at White Oak School in Swanley, Kent. In this programme Dianne and her teaching assistant Norma Kinnison work on a composition using simple percussion, based on work the class have been doing in History about children who were evacuated from London during the Second World War. Diane and Norma do some planning work with Gwyneth Johnson the School's Music co-ordinator and composer Stephen Chadwick, and then they help the class to develop a composition on the theme.
=530  \\$aPreviously released as DVD.
=533  \\$aElectronic reproduction.$bAlexandria, VA :$cAlexander Street Press,$d2012.$f(VAST: Academic video online).$nAvailable via World Wide Web.
=546  \\$aThis edition in English.
=650  \0$aComposition (Music)$xInstruction and study.
=650  \0$aMusic$xInstruction and study.
=655  \7$aDocumentary television programs.$2lcgft
=655  \7$aNonfiction television programs.$2lcgft
=710  2\$aBig Heart Media.$4pro
=776  1\$cOriginal publisher catalog number$oC/0942/002
=856  40$uhttp://famuproxy.fcla.edu/login?url=http://www.aspresolver.com/aspresolver.asp?VAST;1730866$yFAMU: Off-campus access limited to current FAMU students & employees$5FTaFA
=945  \\$aThe Whole World

