=LDR  02127ngm a22003733a 4500
=001  032592372
=005  20140418145308.0
=006  m||||||||c||||||||
=007  cr||n|\\\||a|a
=007  vz||zazu|
=008  120229s2005\\\\enk014||||||||s|||vleng|d
=035  \\$a(VaAlASP)ASP1736733/vast
=040  \\$aVaAlASP$cVaAlASP
=245  00$aDealing with parents$h[electronic resource].
=260  \\$a[England] :$bTeachers TV/UK Department of Education,$c2005.
=300  \\$a1 online resource (14 min.).
=490  0\$aPrimary admin staff ;$v1
=490  0\$aVAST: Academic video online
=590  \\$a(CaEvSKY)sky253350470
=590  \\$a(OCoLC)808818096
=500  \\$aTitle from resource description page (viewed Mar. 5, 2012).
=520  \\$aWhen parents are angry or upset, administration staff are often the people that experience their emotional outbursts directly. In this programme, office staff at Ocklynge Junior School take part in a series of role-plays with actors playing anxious and irate parents to explore and demonstrate how best to deal with emotional parents.The teachers are observed by educational psychologist and conflict resolution expert Paul Myszor. He comments on their teamwork, people skills, body language and ability to stay calm under pressure and offers tips and techniques to improve their responses.
=530  \\$aPreviously released as DVD.
=533  \\$aElectronic reproduction.$bAlexandria, VA :$cAlexander Street Press,$d2012.$f(VAST: Academic video online).$nAvailable via World Wide Web.
=546  \\$aThis edition in English.
=650  \0$aEducation$xParent participation$zGreat Britain.
=650  \0$aParent-teacher relationships.
=650  \0$aSchool administrators.
=655  \7$aInstructional television programs.$2lcgft
=655  \7$aNonfiction television programs.$2lcgft
=710  2\$aLambent Productions.$4pro
=776  1\$cOriginal publisher catalog number$oC/0502/001
=856  40$uhttp://famuproxy.fcla.edu/login?url=http://www.aspresolver.com/aspresolver.asp?VAST;1736733$yFAMU: Off-campus access limited to current FAMU students & employees$5FTaFA
=945  \\$aThe Whole World

