=LDR  01648ngm a22003733a 4500
=001  032592582
=005  20140418145538.0
=006  m||||||||c||||||||
=007  cr||n|\\\||a|a
=007  vz||zazu|
=008  120229s2010\\\\enk005||||||||s|||vleng|d
=035  \\$a(VaAlASP)ASP1737677/vast
=040  \\$aVaAlASP$cVaAlASP
=245  00$aEnquiry skills$h[electronic resource].
=260  \\$a[England] :$bTeachers TV/UK Department of Education,$c2010.
=300  \\$a1 online resource (5 min.).
=490  0\$aSecondary study skills ;$v7
=490  0\$aVAST: Academic video online
=590  \\$a(CaEvSKY)sky253351232
=590  \\$a(OCoLC)808818267
=500  \\$aTitle from resource description page (viewed Mar. 5, 2012).
=520  \\$aEncouraging working independently from Year 7 onwards can lead to effective enquiry skills. For Key Stage 4 humanities students.
=530  \\$aPreviously released as DVD.
=533  \\$aElectronic reproduction.$bAlexandria, VA :$cAlexander Street Press,$d2012.$f(VAST: Academic video online).$nAvailable via World Wide Web.
=546  \\$aThis edition in English.
=650  \0$aEducation, Secondary$zGreat Britain.
=650  \0$aInquiry-based learning.
=650  \0$aTeaching$xMethods.
=655  \7$aInstructional television programs.$2lcgft
=655  \7$aNonfiction television programs.$2lcgft
=710  2\$aAvailable Light Productions.$4pro
=776  1\$cOriginal publisher catalog number$oC/4391/007
=856  40$uhttp://famuproxy.fcla.edu/login?url=http://www.aspresolver.com/aspresolver.asp?VAST;1737677$yFAMU: Off-campus access limited to current FAMU students & employees$5FTaFA
=945  \\$aThe Whole World

