=LDR  02510ngm a22004453a 4500
=001  032592805
=005  20140418145901.0
=006  m||||||||c||||||||
=007  cr||n|\\\||a|a
=007  vz||zazu|
=008  120229s2005\\\\enk|||||||||||s|||vleng|d
=035  \\$a(VaAlASP)ASP1730768/vast
=040  \\$aVaAlASP$cVaAlASP
=245  00$aPrimary making progress$h[electronic resource].
=260  \\$a[London] :$bTeachers TV/UK Department of Education,$c2005.
=300  \\$a1 online resource (28 min.).
=490  0\$aParents' guide ;$v8
=490  0\$aVAST: Academic video online
=590  \\$a(CaEvSKY)sky251971390
=590  \\$a(OCoLC)815786111
=500  \\$aTitle from resource description page (viewed Mar. 5, 2012).
=520  \\$aThe Parents Guide explores what is going on in schools today and discusses some of the key issues from a parent's point of view. In this programme, presenter Fiona Millar and two parents, join together with education consultant Bill Davies to discuss making progress in primary schools. They take a look at some Teachers TV programmes and see how the issue of pupil progress is being addressed by teachers, pupils and, of course, parents. How do schools help gifted and talented pupils? What is personalised learning? How can schools give pupils more choice and increase motivation? What can mind-mapping and other techniques do to help children's learning? And what's the best approach to secondary transfer?
=530  \\$aPreviously released as DVD.
=533  \\$aElectronic reproduction.$bAlexandria, VA :$cAlexander Street Press,$d2012.$f(VAST: Academic video online).$nAvailable via World Wide Web.
=546  \\$aThis edition in English.
=650  \0$aAcademic achievement$zGreat Britain.
=650  \0$aEducation, Primary$xParent participation.
=650  \0$aEducation, Primary$zGreat Britain.
=650  \0$aEducational tests and measurements$zGreat Britain.
=650  \0$aGifted children$xEducation$zGreat Britain.
=650  \0$aIndividualized instruction$zGreat Britain.
=650  \0$aLearning strategies.
=650  \0$aLearning.
=650  \0$aMotivation in education.
=650  \0$aPromotion (School)
=655  \7$aTelevision interviews.$2lcgft
=710  2\$aIllumina Digital.$4pro
=776  1\$cOriginal publisher catalog number$oC/0786/008
=856  40$uhttp://famuproxy.fcla.edu/login?url=http://www.aspresolver.com/aspresolver.asp?VAST;1730768$yFAMU: Off-campus access limited to current FAMU students & employees$5FTaFA
=945  \\$aThe Whole World

