=LDR  02764ngm a22003853a 4500
=001  032593017
=005  20140418150213.0
=006  m||||||||c||||||||
=007  cr||n|\\\||a|a
=007  vz||zazu|
=008  120229s2005\\\\enk|||||||||||s|||vleng|d
=035  \\$a(VaAlASP)ASP1736709/vast
=040  \\$aVaAlASP$cVaAlASP
=245  00$aLocal history$h[electronic resource] :$btestaments of experience.
=246  3\$aLocal history :$blesson review
=260  \\$a[London] :$bTeachers TV/UK Department of Education,$c2005.
=300  \\$a1 online resource (28 min.).
=490  0\$aKS2 history ;$v1-2
=490  0\$aVAST: Academic video online
=590  \\$a(CaEvSKY)sky251971180
=590  \\$a(OCoLC)815782148
=500  \\$aTitle from resource description page (viewed Mar. 5, 2012).
=520  \\$aA Year 6 teacher at a Bristol primary school used an imaginative, approach to a local history project when she invited five former workers from the local tobacco factory into the school to talk with her class. In this review programme the teacher and a history specialist look back at a video tape of the lesson that she taught. They explore the approach, the structure of the lesson and the contribution of oral sources, photographs and ICT to the learning experience.
=520  \\$aFollow a Year 6 teacher at a Bristol primary school as she tries out an imaginative, approach to a local history project. She invites a group of local women, all of whom used to work in the local tobacco industry, into the school to be interviewed by her class. The children use video cameras and digital stills cameras to help record their interviews with the five visitors. They examine photographs from the history of the industry and the factories as the starting point for this adventure into the recent past.
=530  \\$aPreviously released as DVD.
=533  \\$aElectronic reproduction.$bAlexandria, VA :$cAlexander Street Press,$d2012.$f(VAST: Academic video online).$nAvailable via World Wide Web.
=546  \\$aThis edition in English.
=650  \0$aHistory$xStudy and teaching (Primary)$zGreat Britain.
=650  \0$aLocal history.
=655  \7$aInstructional television programs.$2lcgft
=710  2\$aAvailable Light (Firm)$4pro
=776  1\$cOriginal publisher catalog number$oC/0488/001-C/0488/002
=856  40$3Local history: lesson review$uhttp://famuproxy.fcla.edu/login?url=http://www.aspresolver.com/aspresolver.asp?VAST;1736710$yFAMU: Off-campus access limited to current FAMU students & employees$5FTaFA
=856  40$3Local history: testaments of experience$uhttp://famuproxy.fcla.edu/login?url=http://www.aspresolver.com/aspresolver.asp?VAST;1736709$yFAMU: Off-campus access limited to current FAMU students & employees$5FTaFA
=945  \\$aThe Whole World

