=LDR  02407ngm a22003493a 4500
=001  032593226
=005  20140418150450.0
=006  m||||||||c||||||||
=007  cr||n|\\\||a|a
=007  vz||zazu|
=008  120229s2008\\\\enk|||||||||||s|||vleng|d
=035  \\$a(VaAlASP)ASP1737316/vast
=040  \\$aVaAlASP$cVaAlASP
=245  00$aInterlinked learning at Frogwell Primary School$h[electronic resource].
=260  \\$a[London] :$bTeachers TV/UK Department of Education,$c2008.
=300  \\$a1 online resource (16 min.).
=490  0\$aInnovation ;$v1
=490  0\$aVAST: Academic video online
=590  \\$a(CaEvSKY)sky251971052
=590  \\$a(OCoLC)815777690
=500  \\$aTitle from resource description page (viewed Mar. 5, 2012).
=520  \\$aTravelling beyond the earth into deep space, exploring the ocean bed way beneath the waves: anything is possible at Frogwell Primary School in Wiltshire. The school uses an interlinked learning approach, bringing together different curriculum areas under a general theme. This programme looks at two classes in detail to explore how interlinked learning works. Every term classrooms are transformed into stimulating environments reflecting the term's theme. In Carol Snowden's Year 1 class the theme is Under the Sea. We see the children writing their own fishy poetry. Year 3's classroom is Nasa Mission Control , complete with space shuttle, rocket and space suits. For this term, the children will be linking all their learning to Earth and Beyond. In this lesson teacher Mandy Turner is covering the Measuring and Applying element of the National Strategy for Mathematics by getting the children to make their own space suits.
=530  \\$aPreviously released as DVD.
=533  \\$aElectronic reproduction.$bAlexandria, VA :$cAlexander Street Press,$d2012.$f(VAST: Academic video online).$nAvailable via World Wide Web.
=546  \\$aThis edition in English.
=650  \0$aEducation$xCurricula$zGreat Britain.
=650  \0$aInterdisciplinary approach in education$zGreat Britain.
=655  \7$aInstructional television programs.$2lcgft
=710  2\$aAvailable Light (Firm)$4pro
=776  1\$cOriginal publisher catalog number$oC/2728/001
=856  40$uhttp://famuproxy.fcla.edu/login?url=http://www.aspresolver.com/aspresolver.asp?VAST;1737316$yFAMU: Off-campus access limited to current FAMU students & employees$5FTaFA
=945  \\$aThe Whole World

