=LDR  02624ngm a22003853a 4500
=001  032593435
=005  20140418150739.0
=006  m||||||||c||||||||
=007  cr||n|\\\||a|a
=007  vz||zazu|
=008  120229s2009\\\\enk|||||||||||s|||vleng|d
=035  \\$a(VaAlASP)ASP1738081/vast
=040  \\$aVaAlASP$cVaAlASP
=245  00$aOn-line communities$h[electronic resource] :$btwo KS3 examples.
=260  \\$a[London] :$bTeachers TV/UK Department of Education,$c2009.
=300  \\$a1 online resource (8 min.).
=490  0\$aBetter learning with ICT - case studies ;$v2
=490  0\$aVAST: Academic video online
=590  \\$a(CaEvSKY)sky251970811
=590  \\$a(OCoLC)815770393
=500  \\$aTitle from resource description page (viewed Mar. 5, 2012).
=520  \\$aThis film shows two examples of teachers using online communities successfully in their classes. Northfleet School for Girls, Kent, Steve Puxty is using the website Rafi.ki to run a Business and Enterprise project called Design 4 U . His Yr9 students are tasked with collaborating with partner schools found via the Rafi.ki network to design t-shirts which they then print and ship to the various schools around the world. David Rogers at Priory School, Hampshire, uses data gathered from contacts on his personal Facebook and Twitter networks as stimulus for his Yr8 geography class about piracy and interdependence. During the class, David sends out a tweet to his personal learning network to discover what people want to know about modern day piracy and how they would like the information presented. Using the Twitter responses coming through live to the classroom, the students work toward dispelling myths about piracy, sharing their research findings with the Twitter network as they go.
=530  \\$aPreviously released as DVD.
=533  \\$aElectronic reproduction.$bAlexandria, VA :$cAlexander Street Press,$d2012.$f(VAST: Academic video online).$nAvailable via World Wide Web.
=546  \\$aThis edition in English.
=650  \0$aBusiness education$zGreat Britain.
=650  \0$aEducational technology.
=650  \0$aElectronic discussion groups.
=650  \0$aGeography$xStudy and teaching$zGreat Britain.
=650  \0$aTechnology$xStudy and teaching$zGreat Britain.
=655  \7$aInstructional television programs.$2lcgft
=710  2\$aIllumina Digital.$4pro
=776  1\$cOriginal publisher catalog number$oW/3703/002
=856  40$uhttp://famuproxy.fcla.edu/login?url=http://www.aspresolver.com/aspresolver.asp?VAST;1738081$yFAMU: Off-campus access limited to current FAMU students & employees$5FTaFA
=945  \\$aThe Whole World

