=LDR  02439ngm a22003493a 4500
=001  032593645
=005  20140418151019.0
=006  m||||||||c||||||||
=007  cr||n|\\\||a|a
=007  vz||zazu|
=008  120229s2007\\\\enk|||||||||||s|||vleng|d
=035  \\$a(VaAlASP)ASP1742881/vast
=040  \\$aVaAlASP$cVaAlASP
=245  00$aSEN pupils in transition$h[electronic resource].
=260  \\$a[London] :$bTeachers TV/UK Department of Education,$c2007.
=300  \\$a1 online resource (16 min.).
=490  0\$aSecondary special needs ;$v2
=490  0\$aVAST: Academic video online
=590  \\$a(CaEvSKY)sky251971646
=590  \\$a(OCoLC)815790530
=500  \\$aTitle from resource description page (viewed Mar. 5, 2012).
=520  \\$aPlashet School for Girls in the east end of London is a popular local school that gets above average results for its pupils. As part of their transition policy, all prospective pupils visit the school in advance to have a look around. This is particularly important for special needs pupils so the school can assess any difficulties they might have, and what arrangements will be needed for them. Atiya, a special needs pupil, who starts at the school in September, comes with the SENCO from her primary school, to have a look around and to discuss her particular needs with the school's Primary Liaison Officer. We look at what's been done for some of the school's SEN pupils in the present Year 7 and at the progress of Olironke, who has a hearing impairment. We then sit in on the end of year review for Maleeha, one of the school's more challenging SEN pupils. School support staff and outside agencies, together with Maleeha's parents, discuss her progress and their expectations for her.
=530  \\$aPreviously released as DVD.
=533  \\$aElectronic reproduction.$bAlexandria, VA :$cAlexander Street Press,$d2012.$f(VAST: Academic video online).$nAvailable via World Wide Web.
=546  \\$aThis edition in English.
=650  \0$aSpecial education$zGreat Britain.
=650  \0$aStudents, Transfer of$zGreat Britain.
=655  \7$aInstructional television programs.$2lcgft
=710  2\$aGlasshead Productions.$4pro
=776  1\$cOriginal publisher catalog number$oC/1996/002
=856  40$uhttp://famuproxy.fcla.edu/login?url=http://www.aspresolver.com/aspresolver.asp?VAST;1742881$yFAMU: Off-campus access limited to current FAMU students & employees$5FTaFA
=945  \\$aThe Whole World

