=LDR  02358ngm a22003853a 4500
=001  032593930
=005  20140418153944.0
=006  m|||||o||c||||||||
=007  cr||n|\\\||a|a
=007  vz||zazu|
=008  120229s2005\\\\enk|||||||||||s|||vleng|d
=035  \\$a(VaAlASP)ASP1736844/vast
=040  \\$aVaAlASP$cVaAlASP
=245  00$aShirley Williams$h[electronic resource].
=260  \\$a[London] :$bTeachers TV/UK Department of Education,$c2005.
=300  \\$a1 online resource (28 min.).
=490  0\$aTed Wragg meets ;$v1
=490  0\$aVAST: Academic Video Online
=590  \\$a(OCoLC)829686762
=500  \\$aTitle from resource description page (viewed Mar. 5, 2012).
=520  \\$aShirley Williams has been a towering figure in British politics for over forty years. Now Baroness Williams, her views continue to challenge. Secretary of State for Education in the Callaghan government of the 1970s, she was at the helm when comprehensive schools really began to take off. If we hadn't had the comprehensive revolution this country, we would not have anything like the skill base or the intellectual base it has today she says.In an illuminating discussion, she reveals that she feels the present government exerts a degree of centralised control, which I really do think actually quenches the fires of aspiration, idealism and vision. As a supporter of the Tomlinson report, she tells Ted she would have made her apologies and left government if she' been forced to turn down his recommendations.
=530  \\$aPreviously released as DVD.
=533  \\$aElectronic reproduction.$bAlexandria, VA :$cAlexander Street Press,$d2012.$f(VAST: Academic Video Online).$nAvailable via World Wide Web.
=546  \\$aThis edition in English.
=600  10$aWilliams, Shirley,$d1930-
=650  \0$aEducation and state$zGreat Britain.
=650  \0$aEducation$zGreat Britain.
=650  \0$aSchools$zGreat Britain.
=655  \7$aTelevision interviews.$2lcgft
=700  1\$aWilliams, Shirley,$d1930-
=700  1\$aWragg, E. C.$q(Edward Conrad)
=710  2\$aBrook Lapping Productions.$4pro
=776  1\$cOriginal publisher catalog number$oC/0701/001
=856  40$uhttp://famuproxy.fcla.edu/login?url=http://www.aspresolver.com/aspresolver.asp?VAST;1736844$yFAMU: Off-campus access limited to current FAMU students & employees$5FTaFA
=945  \\$aThe Whole World

