=LDR  02314ngm a22003373a 4500
=001  032594141
=005  20140418154220.0
=006  m|||||o||c||||||||
=007  cr||n|\\\||a|a
=007  vz||zazu|
=008  120229s2005\\\\enk|||||||||||s|||vleng|d
=035  \\$a(VaAlASP)ASP1736546/vast
=040  \\$aVaAlASP$cVaAlASP
=245  00$aTextiles$h[electronic resource].
=260  \\$a[London] :$bTeachers TV/UK Department of Education,$c2005.
=300  \\$a1 online resource (14 min.).
=490  0\$aSecondary 14-19 vocational ;$v1
=490  0\$aVAST: Academic Video Online
=590  \\$a(OCoLC)829687875
=500  \\$aTitle from resource description page (viewed Mar. 5, 2012).
=520  \\$aWarwickshire's education department is a DfES 14-19 Pathfinder tasked to promote and improve collaboration between schools, FE colleges and training providers. Schools offer work-based learning opportunities to students of all abilities at KS4, providing every student with an opportunity to spend one day each week in the world of work. The programme features school students enrolled on City and Guilds courses delivering vocational qualifications in a broad range of textile-related skills. Warwickshire College's Henley Centre is collaborating with IDC textiles, an industrial provider, to design courses for KS4 students. Courses are run during the day and after school. The scheme provides a useful model for teachers delivering work-related learning opportunities and has been successful in improving progression to FE courses and in enhancing students motivation and classroom attendance.
=530  \\$aPreviously released as DVD.
=533  \\$aElectronic reproduction.$bAlexandria, VA :$cAlexander Street Press,$d2012.$f(VAST: Academic Video Online).$nAvailable via World Wide Web.
=546  \\$aThis edition in English.
=650  \0$aTextile industry$xStudy and teaching.
=650  \0$aTextile industry$xVocational guidance.
=655  \7$aInstructional television programs.$2lcgft
=710  2\$aMaverick Television (Television network)$4pro
=776  1\$cOriginal publisher catalog number$o032050017S
=856  40$uhttp://famuproxy.fcla.edu/login?url=http://www.aspresolver.com/aspresolver.asp?VAST;1736546$yFAMU: Off-campus access limited to current FAMU students & employees$5FTaFA
=945  \\$aThe Whole World

