=LDR  02470ngm a22003613a 4500
=001  032594353
=005  20140418154514.0
=006  m|||||o||c||||||||
=007  cr||n|\\\||a|a
=007  vz||zazu|
=008  120229s2009\\\\enk|||||||||||s|||vleng|d
=035  \\$a(VaAlASP)ASP1738181/vast
=040  \\$aVaAlASP$cVaAlASP
=245  00$aWomen and pay$h[electronic resource].
=260  \\$a[London] :$bTeachers TV/UK Department of Education,$c2009.
=300  \\$a1 online resource (17 min.).
=490  0\$aKS3/4 gender equality ;$v1
=490  0\$aVAST: Academic Video Online
=590  \\$a(OCoLC)829688668
=500  \\$aTitle from resource description page (viewed Mar. 5, 2012).
=520  \\$aWith schools having to implement the statutory Gender Equality Duty, we ve come to Mulberry School for Girls to witness how they make gender issues resonate in all their complexity for their students. They capitalise on their location in London's East End to invite in to the school historic figures from the long fight for women's rights at the nearby Dagenham Ford plant. Over juice and sandwiches, these skilled machinists and former strikers open the eyes of Mulberry girls to the time before the 1970 Equal Pay Act, when a skilled woman worker was automatically paid less than a man sweeping the factory floor - just because she was a woman. Mulberry's sophisticated approach to promoting girls confidence, knowledge and leadership skills is embedded in the way they teach the curriculum as well. We see their preparations to celebrate International Women's Day, and find out how the school is integrating its year-long exploration of equal pay struggles across its teaching.
=530  \\$aPreviously released as DVD.
=533  \\$aElectronic reproduction.$bAlexandria, VA :$cAlexander Street Press,$d2012.$f(VAST: Academic Video Online).$nAvailable via World Wide Web.
=546  \\$aThis edition in English.
=650  \0$aEqual pay for equal work$zGreat Britain.
=650  \0$aSex differences in education$zGreat Britain.
=650  \0$aWomen's rights.
=655  \7$aInstructional television programs.$2lcgft
=710  2\$aDouble Exposure (Firm)$4pro
=710  2\$aFlashback Television (Firm)$4pro
=776  1\$cOriginal publisher catalog number$oJ/3508/001
=856  40$uhttp://famuproxy.fcla.edu/login?url=http://www.aspresolver.com/aspresolver.asp?VAST;1738181$yFAMU: Off-campus access limited to current FAMU students & employees$5FTaFA
=945  \\$aThe Whole World

