=LDR  01912ngm a22003853a 4500
=001  032594705
=005  20140418160106.0
=006  m|||||o||c||||||||
=007  cr||na\\\||a|a
=007  vz||zazu|
=008  131122s1985\\\\vau026\|||||||o|||vleng\d
=035  \\$a(VaAIASP)ASP1687043/vast
=040  \\$aVaAlASP$cVaAlASP
=245  00$aChina in transition$h[electronic resource] /$cdirected by David Wright and produced by Nicholas Barton.
=260  \\$aFalls Church, VA :$bLandmark Media,$c1985.
=300  \\$a1 online resource (26 min.).
=306  \\$a002550
=490  0\$aVAST: academic video online
=490  0\$aWorld: A Television History ;$v12
=590  \\$a(OCoLC)867539381
=500  \\$aTitle from resource description page (viewed Dec. 6, 2013).
=520  3\$aCovers the history of China from the proclamation of Tʻan Chien as emperor of the Sui dynasty to the periods of the Tʻang and Sung dynasties. Discusses the great engineering achievements of the period including the grand canals, the development of wood-block printing, and also the educational advancements of the era.
=530  \\$aPreviously released as DVD.
=533  \\$aElectronic reproduction.$bAlexandria, VA :$cAlexander Street Press,$d2013.$f(VAST: academic video online).$nAvailable via World Wide Web.
=546  \\$aThis edition in English.
=651  \0$aChina$xHistory$ySui dynasty, 581-618.
=651  \0$aChina$xHistory$yTang dynasty, 618-907.
=651  \0$aChina$xHistory$ySong dynasty, 960-1279.
=655  \7$aDocumentary films.$2lcgft
=700  1\$aWright, David$c(Director)$4drt
=700  1\$aBarton, N.$q(Nicholas)$4pro
=700  1\$aPowell, Robert,$d1944-$4nrt
=856  40$uhttp://famuproxy.fcla.edu/login?url=http://www.aspresolver.com/aspresolver.asp?VAST;1687043$yFAMU: Off-campus access limited to current FAMU students & employees$5FTaFA
=945  \\$aNorth America
=950  \\$aVAND$bDIVO$cDIVO-V1$cVAST-BF

