=LDR  02208ngm a22004333a 4500
=001  032595628
=005  20150304135322.0
=006  m|||||o||c||||||||
=007  cr||na\\\||a|a
=007  vz||zazu|
=008  140106s1994\\\\enk050\g\\\\\\o\\\v|eng\d
=035  \\$a(VaAlASP)ASP1746760/vast
=040  \\$aVaAlASP$cVaAlASP
=245  00$aHere be monsters$h[electronic resource] /$cwritten and produced by Aec Nisbett.
=260  \\$aLondon :$bBritish Broadcasting Corporation (BBC),$c1994.
=300  \\$a1 online resource (50 min.).
=306  \\$a005005
=490  0\$aHorizon ;$vseries 29, episode 10
=490  0\$aVAST: Academic Video Online
=590  \\$a(OCoLC)867554429
=500  \\$aTitle from resource description page (viewed Dec. 9, 2013).
=520  \\$aHow did the universe evolve? Our ideas are undergoing a radical shift due to startling discoveries from the Hubble Space Telescope relating to galactic collisions, black holes and gravitational lenses - which focus light from the edge of the visible universe.
=530  \\$aPreviously released as DVD.
=533  \\$aElectronic reproduction.$bAlexandria, VA :$cAlexander Street Press,$d2013.$f(VAST: Academic Video Online).$nAvailable via World Wide Web.
=546  \\$aThis edition in English.
=650  \0$aAstronomy.
=650  \0$aBlack holes (Astronomy)
=650  \0$aCosmography.
=650  \0$aCosmology.
=650  \0$aGalaxies.
=650  \0$aSpectrum analysis.
=655  \7$aDocumentary television programs.$2lcgft
=700  1\$aBurt, Andrew,$d1945-$4nrt
=700  1\$aNisbett, Alec$c(Producer)$4aus$4pro
=776  1\$cOriginal$w(OCoLC) 35169827
=856  40$uhttp://famuproxy.fcla.edu/login?url=http://www.aspresolver.com/aspresolver.asp?VAST;1746760$yFAMU: Off-campus access limited to current FAMU students & employees$5FTaFA
=856  40$uhttp://ezproxy.fau.edu/login?url=http://www.aspresolver.com/aspresolver.asp?VAST;1746760$yFAU: Off-campus access limited to current FAU students & employees$5FBoU
=856  40$uhttp://ezproxy.fgcu.edu/login?url=http://www.aspresolver.com/aspresolver.asp?VAST;1746760$yConnect now$zFGCU: Off-campus access limited to current FGCU students & employees$5FFmFGC
=945  \\$aThe Whole World

