=LDR  02242cam a2200457 ia45c0
=005  20140423162200.0
=006  m\\\\fo\\d\f\\\\\\
=007  cr\bn\nnnauuuu
=008  140310s2012\\\\dcu\\\\\ob\\\f000\0\eng\d
=035  \\$accn00439178
=040  \\$erda
=043  \\$an-us---
=049  \\$aFSU-L
=049  \\$aUF-L
=050  \4$aZ663.6$b.T76 2012
=100  1\$aWebel, Baird,$eauthor.
=245  10$aTroubled Asset Relief Program (TARP) :$bimplementation and status /$cBaird Webel.
=264  \1$a[Washington, District of Columbia] :$bCongressional Research Service,$c[2012]
=264  \2$a[Buffalo, New York] :$bWilliam S. Hein & Company,$c[between 2012 and 2013?]
=300  \\$a1 online resource (27 pages).
=336  \\$atext$2rdacontent
=337  \\$acomputer$2rdamedia
=338  \\$aonline resource$2rdacarrier
=490  1\$aCRS report for Congress ;$vR41427
=490  1\$aHeinOnline taxation & economic reform in America
=588  \\$aDescription based on PDF title page, viewed March 10, 2014.
=500  \\$a"May 18, 2012."
=504  \\$aIncludes bibliographical references.
=610  20$aTroubled Asset Relief Program (U.S.)
=650  10$aEconomic stabilization$zUnited States.
=650  \0$aEconomic assistance, Domestic$zUnited States$xEvaluation.
=655  \0$aElectronic books.
=710  2\$aLibrary of Congress.$bCongressional Research Service,$eissuing body.
=830  \0$aCRS report for Congress ;$vR41427.
=830  \0$aTaxation & economic reform in America.
=852  8\$aFTaSU-L$bFSLAW$cELEC
=852  \\$aFU-L$bUFER$cLAW
=856  40$uhttps://login.proxy.lib.fsu.edu/login?url=http://www.heinonline.org/HOL/Page?handle=hein.tera/crser0352&id=1&collection=tera&index=tera/crser#1$3HeinOnline Taxation & Economic Reform in America$yFSU: Off-campus access limited to current FSU students & employees$5FTaSU
=856  40$uhttp://www.heinonline.org/HOL/Page?handle=hein.tera/crser0352&id=1&collection=tera&index=tera/crser#1$3HeinOnline Taxation & Economic Reform in America$yUF: Off-campus access limited to current UF students & employees$5FU
=949  \\$aZ 663.6 .T76 2012$wLC$c1$i439178-2001$d3/21/2014$lMAIN$mHEN$q1$rY$sY$tWEB$u3/21/2014$xENG$zN-US
=997  \\$a(c)2014 Cassidy Cataloguing Services, Inc.

