=LDR  02944cam a2200349Ia 4500
=001  032617117
=005  20140515111546.0
=006  m\\\\\o\\d\|\\\\\\
=007  cr||n||||||||n
=008  801103s1878\\\\enka\\\\o\\\\\001\0\eng\d
=035  \\$a(MiFhGG)NCCO2000299
=040  \\$aMIGCL$cUtOrBLW
=090  \\$aAC1$b.N559
=100  1\$aAbney, William de Wiveleslie,$cSir,$d1843-1920.
=245  10$aEmulsion processes in photography$h[electronic resource] /$cby W. de W. Abney.
=260  \\$aLondon :$bPiper & Carter,$c1878.
=300  \\$a1 online resource ([4], 126, [2], [18] p.) :$bill.
=490  0\$aPhotographic handy-books ;$vno. 2
=490  1\$aNineteenth Century Collections Online (NCCO): Photography: The World through the Lens
=599  \\$a(OCoLC)866985720
=500  \\$aIncludes index.
=500  \\$aAdvertising: p. [2], 1st count ; [18] p., 4th count.
=500  \\$aReproduction of the original from the George Eastman House Library.
=590  \\$aScanned copy imperfect: weak or faded print.
=650  \0$aPhotography$xPrinting processes$xSilver.
=650  \0$aPhotographic emulsions.
=830  \0$aNineteenth Century Collections Online (NCCO): Photography: The World through the Lens.
=856  40$yUCF: Click here for ONLINE ACCESS$uhttps://login.ezproxy.net.ucf.edu/login?url=http://ncco.galegroup.com/gdc/ncco/MonographsDetailsPage/MonographsDetailsWindow?disableHighlighting=false&prodId=NCCO&action=1&activityType=BasicSearch&javax.portlet.action=viewPortletAction&documentId=GALE%7CAGXCAV054423348&dviSelectedPage=1&userGroupName=orla57816$zNineteenth Century Collections Online$5FOFT
=856  40$yUCF: Click here for ONLINE ACCESS$uhttps://login.ezproxy.net.ucf.edu/login?url=http://ncco.galegroup.com/gdc/ncco/MonographsDetailsPage/MonographsDetailsWindow?disableHighlighting=false&prodId=NCCO&action=1&activityType=BasicSearch&javax.portlet.action=viewPortletAction&documentId=GALE%7CBACHNQ460192359&dviSelectedPage=1&userGroupName=orla57816$zNineteenth Century Collections Online$5FOFT
=856  40$yUCF: Click here for ONLINE ACCESS$uhttp://library.ucf.edu/Web/purl.asp?pid=1338$zSearch for title at NCCO Main Page$5FOFT
=856  40$uhttps://login.proxy.lib.fsu.edu/login?url=http://ncco.galegroup.com/gdc/ncco/MonographsDetailsPage/MonographsDetailsWindow?disableHighlighting=false&prodId=NCCO&action=1&activityType=BasicSearch&javax.portlet.action=viewPortletAction&documentId=GALE%7CAGXCAV054423348&dviSelectedPage=1&userGroupName=tall85761$yFSU: Off-campus access limited to current FSU students & employees$5FTaSU
=856  40$uhttps://login.proxy.lib.fsu.edu/login?url=http://ncco.galegroup.com/gdc/ncco/MonographsDetailsPage/MonographsDetailsWindow?disableHighlighting=false&prodId=NCCO&action=1&activityType=BasicSearch&javax.portlet.action=viewPortletAction&documentId=GALE%7CBACHNQ460192359&dviSelectedPage=1&userGroupName=tall85761$yFSU: Off-campus access limited to current FSU students & employees$5FTaSU

