=LDR  02216cam a2200361Ia 4500
=001  032618415
=005  20140515113632.0
=006  m\\\\\o\\d\|\\\\\\
=007  cr||n||||||||n
=008  880113s1887\\\\enka\\\\ob\\\\001\0\eng\d
=035  \\$a(MiFhGG)NCCO2011265
=040  \\$aMIGCL$cUtOrBLW
=090  \\$aAC1$b.N559
=100  1\$aWood, Henry Trueman,$d1845-1929.
=245  10$aModern methods of illustrating books$h[electronic resource] /$c[by H. Trueman Wood].
=260  \\$aLondon :$bE. Stock,$c1887.
=300  \\$a1 online resource ([ii]-vii, [1], 247, [12] p.) :$bill.
=490  1\$aBook-lover's library
=490  1\$aNineteenth Century Collections Online (NCCO): Photography: The World through the Lens
=599  \\$a(OCoLC)875133734
=500  \\$aAuthor's name appears on cover.
=500  \\$aIncludes index.
=500  \\$aAdvertising: [12] p., 4th count.
=500  \\$aReproduction of the original from the Columbia University Libraries.
=504  \\$aIncludes bibliographical references.
=590  \\$aScanned copy defective: p. 103-104 wanting.
=650  \0$aIllustration of books.
=650  \0$aPhotomechanical processes.
=830  \0$aBook-lover's library.
=830  \0$aNineteenth Century Collections Online (NCCO): Photography: The World through the Lens.
=856  40$yUCF: Click here for ONLINE ACCESS$uhttps://login.ezproxy.net.ucf.edu/login?url=http://ncco.galegroup.com/gdc/ncco/MonographsDetailsPage/MonographsDetailsWindow?disableHighlighting=false&prodId=NCCO&action=1&activityType=BasicSearch&javax.portlet.action=viewPortletAction&documentId=GALE%7CALAWER417869802&dviSelectedPage=1&userGroupName=orla57816$zNineteenth Century Collections Online$5FOFT
=856  40$yUCF: Click here for ONLINE ACCESS$uhttp://library.ucf.edu/Web/purl.asp?pid=1338$zSearch for title at NCCO Main Page$5FOFT
=856  40$uhttps://login.proxy.lib.fsu.edu/login?url=http://ncco.galegroup.com/gdc/ncco/MonographsDetailsPage/MonographsDetailsWindow?disableHighlighting=false&prodId=NCCO&action=1&activityType=BasicSearch&javax.portlet.action=viewPortletAction&documentId=GALE%7CALAWER417869802&dviSelectedPage=1&userGroupName=tall85761$yFSU: Off-campus access limited to current FSU students & employees$5FTaSU

