=LDR  02110cam a2200313Ia 4500
=001  032619620
=005  20140515115757.0
=006  m\\\\\o\\d\|\\\\\\
=007  cr||n||||||||n
=008  790621s1896\\\\nyuaf\\\o\\\\\001\0\eng\\
=035  \\$a(MiFhGG)NCCO2000908
=040  \\$aMIGCL$cUtOrBLW
=090  \\$aAC1$b.N559
=100  1\$aHouston, Edwin J.$q(Edwin James),$d1847-1914.
=245  10$aElectric arc lighting$h[electronic resource] /$cby Edwin J. Houston and A.E. Kennelly.
=260  \\$aNew York :$bW.J. Johnston Co.,$c1896.
=300  \\$a1 online resource ([3], [iii]-vii, 383, [21] p.) :$bill.
=490  0\$aElementary electro-technical series
=490  1\$aNineteenth Century Collections Online (NCCO): Science, Technology, and Medicine: 1780-1925
=599  \\$a(OCoLC)866987322
=500  \\$aIncludes index.
=500  \\$aPublisher's advertising: p. [1], 1st count and [21] p., 4th count.
=500  \\$aReproduction of the original from the Huntington Library.
=650  \0$aElectric lighting.
=700  1\$aKennelly, Arthur E.$q(Arthur Edwin),$d1861-1939.
=830  \0$aNineteenth Century Collections Online (NCCO): Science, Technology, and Medicine: 1780-1925.
=856  40$yUCF: Click here for ONLINE ACCESS$uhttps://login.ezproxy.net.ucf.edu/login?url=http://ncco.galegroup.com/gdc/ncco/MonographsDetailsPage/MonographsDetailsWindow?disableHighlighting=false&prodId=NCCO&action=1&activityType=BasicSearch&javax.portlet.action=viewPortletAction&documentId=GALE%7CBECSNA225935047&dviSelectedPage=1&userGroupName=orla57816$zNineteenth Century Collections Online$5FOFT
=856  40$yUCF: Click here for ONLINE ACCESS$uhttp://library.ucf.edu/Web/purl.asp?pid=1338$zSearch for title at NCCO Main Page$5FOFT
=856  40$uhttps://login.proxy.lib.fsu.edu/login?url=http://ncco.galegroup.com/gdc/ncco/MonographsDetailsPage/MonographsDetailsWindow?disableHighlighting=false&prodId=NCCO&action=1&activityType=BasicSearch&javax.portlet.action=viewPortletAction&documentId=GALE%7CBECSNA225935047&dviSelectedPage=1&userGroupName=tall85761$yFSU: Off-campus access limited to current FSU students & employees$5FTaSU

