=LDR  02289cam a2200325La 4500
=001  032620620
=005  20140515121526.0
=006  m\\\\\o\\d\|\\\\\\
=007  cr||n||||||||n
=008  770816s1871\\\\gw\af\\\o\\\\\000\0\ger\d
=035  \\$a(MiFhGG)NCCO2005465
=040  \\$aMIGCL$cUtOrBLW
=090  \\$aAC1$b.N559
=100  1\$aKlein, Hermann J.$q(Hermann Joseph),$d1844-1914.
=245  14$aDas Sonnensystem$h[electronic resource] :$bnach dem gegenwärtigen Zustande der Wissenschaft, vom Standpunkte der kosmischen Weltanschauung /$cdargestellt von Hermann J. Klein.
=250  \\$a2. verb. Aufl.
=260  \\$aBraunshweig :$bF. Vieweg und Sohn,$c1871.
=300  \\$a1 online resource ([1], xii, 351, [6] p., [3] leaves of plates (1 fold.)) :$bill. (1 fold.).
=490  0\$aHandbuch der allgemeinen Himmelsbeschreibung
=490  1\$aNineteenth Century Collections Online (NCCO): Science, Technology, and Medicine: 1780-1925
=599  \\$a(OCoLC)232380619
=500  \\$a"Vorwort zur zweiten Auflage" inserted between p. vi and vii.
=500  \\$a"Druckfehler."--P. [1], 4th count.
=500  \\$aPublisher's advertising: p. [5-6], 4th count.
=500  \\$aReproduction of the original from the Huntington Library.
=651  \0$aSolar system.
=830  \0$aNineteenth Century Collections Online (NCCO): Science, Technology, and Medicine: 1780-1925.
=856  40$yUCF: Click here for ONLINE ACCESS$uhttps://login.ezproxy.net.ucf.edu/login?url=http://ncco.galegroup.com/gdc/ncco/MonographsDetailsPage/MonographsDetailsWindow?disableHighlighting=false&prodId=NCCO&action=1&activityType=BasicSearch&javax.portlet.action=viewPortletAction&documentId=GALE%7CBKOVME087761859&dviSelectedPage=1&userGroupName=orla57816$zNineteenth Century Collections Online$5FOFT
=856  40$yUCF: Click here for ONLINE ACCESS$uhttp://library.ucf.edu/Web/purl.asp?pid=1338$zSearch for title at NCCO Main Page$5FOFT
=856  40$uhttps://login.proxy.lib.fsu.edu/login?url=http://ncco.galegroup.com/gdc/ncco/MonographsDetailsPage/MonographsDetailsWindow?disableHighlighting=false&prodId=NCCO&action=1&activityType=BasicSearch&javax.portlet.action=viewPortletAction&documentId=GALE%7CBKOVME087761859&dviSelectedPage=1&userGroupName=tall85761$yFSU: Off-campus access limited to current FSU students & employees$5FTaSU

