=LDR  02631cam a2200349Ia 4500
=001  032621522
=005  20140515123000.0
=006  m\\\\\o\\d\|\\\\\\
=007  cr||n||||||||n
=008  790912s1886\\\\dcuad\\\o\\\\f100\0\eng\\
=035  \\$a(MiFhGG)NCCO2008606
=040  \\$aMIGCL$cUtOrBLW
=090  \\$aAC1$b.N559
=111  2\$aNational Conference of Electricians$d(1884 :$cPhiladelphia, Pa.)
=245  10$aReport of the Electrical Conference at Philadelphia, in September, 1884$h[electronic resource].
=260  \\$aWashington [D.C.] :$bG.P.O.,$c1886.
=300  \\$a1 online resource (183 p.) :$bill.
=490  1\$aSenate Ex. doc. 45, 49th Cong., 1st sess
=490  1\$aNineteenth Century Collections Online (NCCO): Science, Technology, and Medicine: 1780-1925
=599  \\$a(OCoLC)5364702
=500  \\$a"Message from the President of the United States, transmitting letter of the secretary of state with report of the United States Electrical Commission of the proceedings of the National Conference of Electricians, held in Philadelphia, September 8-13, 1884, under the direction of said commission"--p. 3.
=500  \\$aHenry A. Rowland, president of the commission, and conference.
=500  \\$aReproduction of the original from the Huntington Library.
=590  \\$aBoston University College of Liberal Arts Library.
=650  \0$aElectricity$vCongresses.
=700  1\$aRowland, Henry Augustus,$d1848-1901.
=710  2\$aUnited States Electrical Commission.
=830  \0$aSenate executive document (United States. Congress. Senate) ;$v49th Congress, 1st session, no. 45.
=830  \0$aNineteenth Century Collections Online (NCCO): Science, Technology, and Medicine: 1780-1925.
=856  40$yUCF: Click here for ONLINE ACCESS$uhttps://login.ezproxy.net.ucf.edu/login?url=http://ncco.galegroup.com/gdc/ncco/MonographsDetailsPage/MonographsDetailsWindow?disableHighlighting=false&prodId=NCCO&action=1&activityType=BasicSearch&javax.portlet.action=viewPortletAction&documentId=GALE%7CBBZWKX885788950&dviSelectedPage=1&userGroupName=orla57816$zNineteenth Century Collections Online$5FOFT
=856  40$yUCF: Click here for ONLINE ACCESS$uhttp://library.ucf.edu/Web/purl.asp?pid=1338$zSearch for title at NCCO Main Page$5FOFT
=856  40$uhttps://login.proxy.lib.fsu.edu/login?url=http://ncco.galegroup.com/gdc/ncco/MonographsDetailsPage/MonographsDetailsWindow?disableHighlighting=false&prodId=NCCO&action=1&activityType=BasicSearch&javax.portlet.action=viewPortletAction&documentId=GALE%7CBBZWKX885788950&dviSelectedPage=1&userGroupName=tall85761$yFSU: Off-campus access limited to current FSU students & employees$5FTaSU

