=LDR  02581cam a2200409Ia 4500
=001  032622481
=005  20140515124846.0
=006  m\\\\\o\\d\|\\\\\\
=007  cr||n||||||||n
=008  770504s1893\\\\dcuabf\\o\\\\f001\0\eng\d
=035  \\$a(MiFhGG)NCCO2012513
=040  \\$aMIGCL$cUtOrBLW
=041  0\$aeng$aspa
=043  \\$as-bo---
=090  \\$aAC1$b.N559
=110  2\$aBureau of the American Republics (Washington, D.C.)
=245  10$aBolivia$h[electronic resource] :$b[a handbook].
=260  \\$aWashington :$bG.P.O.,$c1893.
=300  \\$a1 online resource (vi, [2], 413 p., [7] leaves of plates (some fold.)) :$bill., fold. maps.
=490  1\$aBulletin / Bureau of the American Republics ;$vno. 55, 1892
=490  1\$aEx. doc. / United States, 52nd Congress, 1st session, Senate ;$v149, pt. 6
=490  1\$aNineteenth Century Collections Online (NCCO): Science, Technology, and Medicine: 1780-1925
=599  \\$a(OCoLC)301049196
=500  \\$aIncludes index.
=500  \\$aRevised to July 1, 1893.
=500  \\$aReproduction of the original from the Library of Congress.
=546  \\$a"Import duties of Bolivia" (p. 141-393) in English and Spanish.
=651  \0$aBolivia.
=610  10$aBolivia.$kLaws, statutes, etc.
=650  \0$aTariff$zBolivia.
=710  1\$aUnited States.$bCongress.$bSenate.
=830  \0$aBulletin (Bureau of the American Republics (Washington, D.C.)) ;$vno. 55, 1892.
=830  \0$aSenate executive document (United States. Congress. Senate) ;$v52nd Congress, 1st session, no. 149, pt. 6.
=830  \0$aNineteenth Century Collections Online (NCCO): Science, Technology, and Medicine: 1780-1925.
=856  40$yUCF: Click here for ONLINE ACCESS$uhttps://login.ezproxy.net.ucf.edu/login?url=http://ncco.galegroup.com/gdc/ncco/MonographsDetailsPage/MonographsDetailsWindow?disableHighlighting=false&prodId=NCCO&action=1&activityType=BasicSearch&javax.portlet.action=viewPortletAction&documentId=GALE%7CBAXIQY793479950&dviSelectedPage=1&userGroupName=orla57816$zNineteenth Century Collections Online$5FOFT
=856  40$yUCF: Click here for ONLINE ACCESS$uhttp://library.ucf.edu/Web/purl.asp?pid=1338$zSearch for title at NCCO Main Page$5FOFT
=856  40$uhttps://login.proxy.lib.fsu.edu/login?url=http://ncco.galegroup.com/gdc/ncco/MonographsDetailsPage/MonographsDetailsWindow?disableHighlighting=false&prodId=NCCO&action=1&activityType=BasicSearch&javax.portlet.action=viewPortletAction&documentId=GALE%7CBAXIQY793479950&dviSelectedPage=1&userGroupName=tall85761$yFSU: Off-campus access limited to current FSU students & employees$5FTaSU

