=LDR  02226cam a2200349Ia 4500
=001  032623539
=005  20140515130206.0
=006  m\\\\\o\\d\|\\\\\\
=007  cr||n||||||||n
=008  950131s1873\\\\nyuaf\\\o\\\\\000\0\eng\d
=035  \\$a(MiFhGG)NCCO2016722
=040  \\$aMIGCL$cUtOrBLW
=041  1\$aeng$hfre
=090  \\$aAC1$b.N559
=100  1\$aLe Pileur, A.$q(Auguste),$d1810-
=240  10$aCorps humain.$lEnglish
=245  10$aWonders of the human body$h[electronic resource] /$cfrom the French of A. Le Pileur ; illustrated by forty-five engravings by Léveillé.
=260  \\$aNew York :$bScribner, Armstrong & Co.,$c1873.
=300  \\$a1 online resource ([1], xii, 256, [4] p., [1] leaf of plates) :$bill.
=490  1\$aIllustrated library of wonders
=490  1\$aNineteenth Century Collections Online (NCCO): Science, Technology, and Medicine: 1780-1925
=599  \\$a(OCoLC)875140190
=500  \\$aTranslation of: Le corps humain.
=500  \\$aPublisher's advertising: [4] p., 4th count.
=500  \\$aReproduction of the original from the Huntington Library.
=650  \0$aPhysiology.
=700  1\$aLéveillé.
=830  \0$aIllustrated library of wonders.
=830  \0$aNineteenth Century Collections Online (NCCO): Science, Technology, and Medicine: 1780-1925.
=856  40$yUCF: Click here for ONLINE ACCESS$uhttps://login.ezproxy.net.ucf.edu/login?url=http://ncco.galegroup.com/gdc/ncco/MonographsDetailsPage/MonographsDetailsWindow?disableHighlighting=false&prodId=NCCO&action=1&activityType=BasicSearch&javax.portlet.action=viewPortletAction&documentId=GALE%7CBGNWLZ931636069&dviSelectedPage=1&userGroupName=orla57816$zNineteenth Century Collections Online$5FOFT
=856  40$yUCF: Click here for ONLINE ACCESS$uhttp://library.ucf.edu/Web/purl.asp?pid=1338$zSearch for title at NCCO Main Page$5FOFT
=856  40$uhttps://login.proxy.lib.fsu.edu/login?url=http://ncco.galegroup.com/gdc/ncco/MonographsDetailsPage/MonographsDetailsWindow?disableHighlighting=false&prodId=NCCO&action=1&activityType=BasicSearch&javax.portlet.action=viewPortletAction&documentId=GALE%7CBGNWLZ931636069&dviSelectedPage=1&userGroupName=tall85761$yFSU: Off-campus access limited to current FSU students & employees$5FTaSU

