=LDR  02237cam a2200337Ia 4500
=001  032625022
=005  20140515132439.0
=006  m\\\\\o\\d\|\\\\\\
=007  cr||n||||||||n
=008  870210s1899\\\\enk\\\\\o\\\\\000\0\eng\d
=035  \\$a(MiFhGG)NCCO2002798
=040  \\$aMIGCL$cUtOrBLW
=090  \\$aAC1$b.N559
=100  1\$aMoss, Arthur B.,$d1855-
=245  10$aMalthusianism v. socialism$h[electronic resource] :$ba debate between Mr. Arthur B. Moss and H. Quelch at Camberwell Hall, April 11th, 1899.
=260  \\$aLondon :$bTwentieth Century Press,$c1899.
=300  \\$a1 online resource ([2], 16, [2] p.).
=490  0\$aBritish birth control material at the British Library of Political & Economic Sciences, 1800-1947
=490  1\$aNineteenth Century Collections Online (NCCO): Women: Transnational Networks
=599  \\$a(OCoLC)866992419
=500  \\$aPublisher's advertising: [2] p., 3rd count.
=500  \\$aReproduction of the original from the London School of Economics and Political Science Library.
=590  \\$aScanned copy imperfect: weak or faded print.
=650  \0$aMalthusianism.
=650  \0$aPopulation.
=650  \0$aSocialism.
=700  1\$aQuelch, H.$q(Harry),$d1858-1913.
=830  \0$aNineteenth Century Collections Online (NCCO): Women: Transnational Networks.
=856  40$yUCF: Click here for ONLINE ACCESS$uhttps://login.ezproxy.net.ucf.edu/login?url=http://ncco.galegroup.com/gdc/ncco/MonographsDetailsPage/MonographsDetailsWindow?disableHighlighting=false&prodId=NCCO&action=1&activityType=BasicSearch&javax.portlet.action=viewPortletAction&documentId=GALE%7CAGQWFJ278103877&dviSelectedPage=1&userGroupName=orla57816$zNineteenth Century Collections Online$5FOFT
=856  40$yUCF: Click here for ONLINE ACCESS$uhttp://library.ucf.edu/Web/purl.asp?pid=1338$zSearch for title at NCCO Main Page$5FOFT
=856  40$uhttps://login.proxy.lib.fsu.edu/login?url=http://ncco.galegroup.com/gdc/ncco/MonographsDetailsPage/MonographsDetailsWindow?disableHighlighting=false&prodId=NCCO&action=1&activityType=BasicSearch&javax.portlet.action=viewPortletAction&documentId=GALE%7CAGQWFJ278103877&dviSelectedPage=1&userGroupName=tall85761$yFSU: Off-campus access limited to current FSU students & employees$5FTaSU

