=LDR  02120cam a2200349Ia 4500
=001  032626673
=005  20140515134531.0
=006  m\\\\\o\\d\|\\\\\\
=007  cr||n||||||||n
=008  870513s1875\\\\fr\\\\\\ob\\\\000\0\fre\d
=035  \\$a(MiFhGG)NCCO2004420
=040  \\$aMIGCL$cUtOrBLW
=090  \\$aAC1$b.N559
=100  1\$aGasparin, Agénor,$ccomte de,$d1810-1871.
=245  12$aL'ennemi de la famille$h[electronic resource] /$cpar le Cte Ag. de Gasparin.
=250  \\$a4ème. éd.
=260  \\$aParis :$bMichel Lévy frères,$c1875$f(F. Aureau)
=300  \\$a1 online resource ([5], 367 p.).
=490  1\$aCollection Michel Lévy
=490  1\$aNineteenth Century Collections Online (NCCO): Women: Transnational Networks
=599  \\$a(OCoLC)15680806
=500  \\$aAdvertising: p. [3], 1st count.
=500  \\$aReproduction of the original from the New York Public Library.
=504  \\$aIncludes bibliographical references.
=590  \\$aScanned copy imperfect: smudged or blotted print.
=650  \0$aFamilies.
=650  \0$aSocialism.
=830  \0$aCollection Michel Lévy.
=830  \0$aNineteenth Century Collections Online (NCCO): Women: Transnational Networks.
=856  40$yUCF: Click here for ONLINE ACCESS$uhttps://login.ezproxy.net.ucf.edu/login?url=http://ncco.galegroup.com/gdc/ncco/MonographsDetailsPage/MonographsDetailsWindow?disableHighlighting=false&prodId=NCCO&action=1&activityType=BasicSearch&javax.portlet.action=viewPortletAction&documentId=GALE%7CAPWQOD695097983&dviSelectedPage=1&userGroupName=orla57816$zNineteenth Century Collections Online$5FOFT
=856  40$yUCF: Click here for ONLINE ACCESS$uhttp://library.ucf.edu/Web/purl.asp?pid=1338$zSearch for title at NCCO Main Page$5FOFT
=856  40$uhttps://login.proxy.lib.fsu.edu/login?url=http://ncco.galegroup.com/gdc/ncco/MonographsDetailsPage/MonographsDetailsWindow?disableHighlighting=false&prodId=NCCO&action=1&activityType=BasicSearch&javax.portlet.action=viewPortletAction&documentId=GALE%7CAPWQOD695097983&dviSelectedPage=1&userGroupName=tall85761$yFSU: Off-campus access limited to current FSU students & employees$5FTaSU

