=LDR  02070cam a2200325Ia 4500
=001  032628832
=005  20140515141419.0
=006  m\\\\\o\\d\|\\\\\\
=007  cr||n||||||||n
=008  850820s1895\\\\mau\\\\\o\\\\\000\0\eng\\
=035  \\$a(MiFhGG)NCCO2007884
=040  \\$aMIGCL$cUtOrBLW
=043  \\$an-us---
=090  \\$aAC1$b.N559
=100  0\$aA lawyer.
=245  14$aThe woman-suffrage movement in the United States$h[electronic resource] :$ba study /$cby a Lawyer.
=260  \\$aBoston :$bArena Pub. Co.,$c1895.
=300  \\$a1 online resource ([3], 153, [6] p.).
=490  1\$aBeacon series
=490  1\$aNineteenth Century Collections Online (NCCO): Women: Transnational Networks
=599  \\$a(OCoLC)12403821
=500  \\$aPublisher's advertising: [6] p., 3rd count.
=500  \\$aReproduction of the original from the Arthur and Elizabeth Schlesinger Library on the History of Women in America, Harvard University.
=650  \0$aWomen$xSuffrage.
=650  \0$aWomen$xSocial and moral questions.
=830  \0$aBeacon series.
=830  \0$aNineteenth Century Collections Online (NCCO): Women: Transnational Networks.
=856  40$yUCF: Click here for ONLINE ACCESS$uhttps://login.ezproxy.net.ucf.edu/login?url=http://ncco.galegroup.com/gdc/ncco/MonographsDetailsPage/MonographsDetailsWindow?disableHighlighting=false&prodId=NCCO&action=1&activityType=BasicSearch&javax.portlet.action=viewPortletAction&documentId=GALE%7CATIEBC110359027&dviSelectedPage=1&userGroupName=orla57816$zNineteenth Century Collections Online$5FOFT
=856  40$yUCF: Click here for ONLINE ACCESS$uhttp://library.ucf.edu/Web/purl.asp?pid=1338$zSearch for title at NCCO Main Page$5FOFT
=856  40$uhttps://login.proxy.lib.fsu.edu/login?url=http://ncco.galegroup.com/gdc/ncco/MonographsDetailsPage/MonographsDetailsWindow?disableHighlighting=false&prodId=NCCO&action=1&activityType=BasicSearch&javax.portlet.action=viewPortletAction&documentId=GALE%7CATIEBC110359027&dviSelectedPage=1&userGroupName=tall85761$yFSU: Off-campus access limited to current FSU students & employees$5FTaSU

