=LDR  01962cam a2200289Ia 4500
=001  032630523
=005  20140515144106.0
=006  m\\\\\o\\d\|\\\\\\
=007  cr||n||||||||n
=008  870415nuuuuuuuunyu\\\\\o\\\\\000\0\eng\d
=035  \\$a(MiFhGG)NCCO2011420
=040  \\$aMIGCL$cUtOrBLW
=090  \\$aAC1$b.N559
=100  1\$aBlackwell, Alice Stone,$d1857-1950.
=245  10$aWomen and business$h[electronic resource] /$cby Alice Stone Blackwell.
=260  \\$a[New York :$bNational American Woman Suffrage Association]
=300  \\$a1 online resource ([4] p.).
=490  0\$aPolitical equality leaflets
=490  1\$aNineteenth Century Collections Online (NCCO): Women: Transnational Networks
=599  \\$a(OCoLC)875133942
=500  \\$aCaption title.
=500  \\$aReproduction of the original from the Arthur and Elizabeth Schlesinger Library on the History of Women in America, Harvard University.
=650  \0$aBusinesswomen.
=830  \0$aNineteenth Century Collections Online (NCCO): Women: Transnational Networks.
=856  40$yUCF: Click here for ONLINE ACCESS$uhttps://login.ezproxy.net.ucf.edu/login?url=http://ncco.galegroup.com/gdc/ncco/MonographsDetailsPage/MonographsDetailsWindow?disableHighlighting=false&prodId=NCCO&action=1&activityType=BasicSearch&javax.portlet.action=viewPortletAction&documentId=GALE%7CAYTSDX615072660&dviSelectedPage=1&userGroupName=orla57816$zNineteenth Century Collections Online$5FOFT
=856  40$yUCF: Click here for ONLINE ACCESS$uhttp://library.ucf.edu/Web/purl.asp?pid=1338$zSearch for title at NCCO Main Page$5FOFT
=856  40$uhttps://login.proxy.lib.fsu.edu/login?url=http://ncco.galegroup.com/gdc/ncco/MonographsDetailsPage/MonographsDetailsWindow?disableHighlighting=false&prodId=NCCO&action=1&activityType=BasicSearch&javax.portlet.action=viewPortletAction&documentId=GALE%7CAYTSDX615072660&dviSelectedPage=1&userGroupName=tall85761$yFSU: Off-campus access limited to current FSU students & employees$5FTaSU

