=LDR  01912cam a2200289Ia 4500
=001  032632771
=005  20140515151300.0
=006  m\\\\\o\\d\|\\\\\\
=007  cr||n||||||||n
=008  870516s1908\\\\ohu\\\\\o\\\\\000\0\eng\d
=035  \\$a(MiFhGG)NCCO2015347
=040  \\$aMIGCL$cUtOrBLW
=043  \\$an-us---
=090  \\$aAC1$b.N559
=100  1\$aNathan, Maud,$d1862-
=245  14$aThe wage earner and the ballot$h[electronic resource] /$cby Maud Nathan.
=260  \\$aWarren, Ohio :$bNational American Woman Suffrage Association,$c[1908?]
=300  \\$a1 online resource ([4] p.).
=490  0\$aPolitical equality series ;$vv. 3, no. 1
=490  1\$aNineteenth Century Collections Online (NCCO): Women: Transnational Networks
=599  \\$a(OCoLC)875138519
=500  \\$aReproduction of the original from the New York Public Library.
=650  \0$aWomen$xSuffrage$zUnited States.
=830  \0$aNineteenth Century Collections Online (NCCO): Women: Transnational Networks.
=856  40$yUCF: Click here for ONLINE ACCESS$uhttps://login.ezproxy.net.ucf.edu/login?url=http://ncco.galegroup.com/gdc/ncco/MonographsDetailsPage/MonographsDetailsWindow?disableHighlighting=false&prodId=NCCO&action=1&activityType=BasicSearch&javax.portlet.action=viewPortletAction&documentId=GALE%7CBFQRZD863322632&dviSelectedPage=1&userGroupName=orla57816$zNineteenth Century Collections Online$5FOFT
=856  40$yUCF: Click here for ONLINE ACCESS$uhttp://library.ucf.edu/Web/purl.asp?pid=1338$zSearch for title at NCCO Main Page$5FOFT
=856  40$uhttps://login.proxy.lib.fsu.edu/login?url=http://ncco.galegroup.com/gdc/ncco/MonographsDetailsPage/MonographsDetailsWindow?disableHighlighting=false&prodId=NCCO&action=1&activityType=BasicSearch&javax.portlet.action=viewPortletAction&documentId=GALE%7CBFQRZD863322632&dviSelectedPage=1&userGroupName=tall85761$yFSU: Off-campus access limited to current FSU students & employees$5FTaSU

