=LDR  02835ngm a2200529Ia 4500
=001  032641322
=005  20140731155725.0
=006  m|||||o||c||||||||
=007  vz|czazuu
=007  cr|cna
=008  140429s2001||||nyu045||||||||o|||vleng|d
=028  40$a42590s$bFilms Media Group
=028  40$a42596$bFilms Media Group
=035  \\$a(FOD)100042596
=040  \\$aAzPhAEM
=041  0\$aeng$jeng
=245  00$aFueling the Fire$h[electronic resource (video)] /$cA&E Television Networks, LLC.
=260  3\$aNew York, N.Y. :$bFilms Media Group,$c[2010], c2001.
=300  \\$a1 streaming video file (45 min.) :$bsd., col.
=490  1\$aThe Color of War
=490  1\$aFilms on Demand$5FTaSU
=599  \\$a(OCoLC)878699545
=500  \\$aEncoded with permission for digital streaming by Films Media Group on November 12, 2010.
=500  \\$aFilms on Demand is distributed by Films Media Group for Films for the Humanities & Sciences, Cambridge Educational, Meridian Education, and Shopware.
=505  0\$aIntroduction to Fueling the Fire (1:10) -- "Keep the Army Rolling" (9:06) -- Shark Bait (7:12) -- Perpetual Motion (8:11) -- Land, Sea and Air (7:55) -- The Way to Victory (9:18) -- Credits: Fueling the Fire (1:01)
=506  \\$aAccess requires authentication through Films on Demand.
=520  \\$aThis program studies how the U.S. armed forces provided soldiers with food, ammunition, and medical matériel during the Second World War via the most advanced supply system in the history of warfare.
=521  2\$a10 & up.
=538  \\$aMode of access: Internet.
=538  \\$aSystem requirements: FOD playback platform.
=546  \\$aClosed-captioned.
=588  \\$aTitle from distributor's description.
=650  \0$aHistory, Modern.
=650  \0$aWorld War, 1939-1945$xPhotography.
=650  \0$aWorld War, 1939-1945.
=655  \0$aEducational films.
=655  \0$aInternet videos.
=655  \7$aVideorecording.$2local
=710  2\$aFilms for the Humanities & Sciences (Firm)
=710  2\$aFilms Media Group.
=730  0\$aColor of war (Television program)
=776  08$iOriginally produced:$dA&E Television Networks, LLC, 2001.
=830  \0$aColor of War.
=856  40$uhttp://ezproxy.fiu.edu/login?url=http://digital.films.com/PortalPlaylists.aspx?aid=24982&xtid=42596$yFIU users: view content here$5FMFIU
=856  40$uhttps://login.proxy.lib.fsu.edu/login?url=http://digital.films.com/PortalPlaylists.aspx?aid=1274&xtid=42596$yFSU: Off-campus access limited to current FSU students & employees$zFOD Subscription$5FTaSU
=830  \0$aFilms on Demand$5FTaSU
=856  4\$uhttp://ezproxy.fgcu.edu/login?url=http://ezproxy.fgcu.edu/login?url=http://digital.films.com/PortalPlaylists.aspx?aid=21751&xtid=42596$zFGCU: Off-campus access limited to current FGCU students and employees.$yConnect Now$5FFmFGC

