=LDR  02968ngm a2200493Ia 4500
=001  032642457
=005  20150130185211.0
=006  m|||||o||c||||||||
=007  vz|czazuu
=007  cr|cna
=008  121106s2007||||nyu030||||||||o|||vleng|d
=028  40$a47392s$bFilms Media Group
=028  40$a47396$bFilms Media Group
=035  \\$a(FOD)100047396
=040  \\$aAzPhAEM
=041  0\$aeng$heng
=245  00$aTake Cover!$h[electronic resource (video)] :$bInnovations in Combat Technology /$cOpen University.
=246  3\$aInnovations in Combat Technology
=260  3\$aNew York, N.Y. :$bFilms Media Group,$c[2012], c2007.
=300  \\$a1 streaming video file (30 min.) :$bsd., col.
=490  1\$aJames May's 20th Century
=490  1\$aFilms on Demand$5FTaSU
=599  \\$a(OCoLC)817232736
=500  \\$aFilms on Demand is distributed by Films Media Group for Films for the Humanities & Sciences, Cambridge Educational, Meridian Education, and Shopware.
=500  \\$aPart of the series James May's 20th Century.
=505  0\$aIntroduction: Take Cover! Innovations in Combat Technology - James May's 20th Century (0:46) -- The Invention of the Airplane (2:22) -- Aerial Bombing Demonstration (2:09) -- High Civilian Casualties (1:17) -- See Without Being Seen (3:01) -- Thermal Imaging Camera (1:19) -- Cubism for Camouflage (3:26) -- Tanks Catch On (5:18) -- Eurofighter Typhoon (8:50) -- Credits: Take Cover! Innovations in Combat Technology - James May's 20th Century (0:35)
=506  \\$aAccess requires authentication through Films on Demand.
=511  0\$aHosted by James May.
=520  \\$aIt didn't take long after the Wright Brothers' first flight for airplanes to be adapted for use in warfare. Above-ground spying missions soon became bombing raids, and the nature of combat was changed forever. In this program James May reviews innovations driven by military needs, from the early days of aerial war to camouflage technology that allows combatants to hide from thermal imaging cameras, and even for battle ships to elude detection. May also takes a slightly unnerving ride in an RAF Eurofighter Typhoon, which is designed to be unstable but relies on computers to be one of the most maneuverable planes in the world.
=521  2\$a6 & up.
=538  \\$aMode of access: Internet.
=538  \\$aSystem requirements: FOD playback platform.
=588  \\$aTitle from distributor's description.
=650  \0$aCombat.
=650  \0$aTactics
=655  \0$aEducational films.
=655  \0$aInternet videos.
=655  \7$aVideorecording.$2local
=710  2\$aOpen University
=710  2\$aFilms for the Humanities & Sciences (Firm)
=710  2\$aFilms Media Group.
=830  \0$aJames May's Twentieth Century.
=830  \0$aFilms on Demand$5FTaSU
=856  4\$uhttp://famuproxy.fcla.edu/login?url=http://digital.films.com/PortalPlaylists.aspx?aid=19804&xtid=47396$yFAMU: Off-campus access limited to current FAMU students & employees$5FTaFA

