=LDR  01635nam a22003977a 4500
=001  032715435
=005  20140513175017.0
=006  m\\\\|o\\d\|\\\\\\
=007  cr\|n|||||||||
=008  140501s2014\\\\enka\\\\ob\\\\001\0\eng\d
=020  \\$a1118908864 (electronic bk.)
=020  \\$a9781118908860 (electronic bk.)
=020  \\$z9781848216747 (hardback)
=020  \\$z1848216742 (hardback)
=035  \\$a(FANhCcYBP)ebr10849300
=040  \\$aNhCcYBP$cNhCcYBP
=050  \4$aTA663
=082  04$a624.170113$223
=100  1\$aDescamps, Benoît,$eauthor.
=245  10$aComputational design of lightweight structures$h[electronic resource] :$bform finding and optimization /$cBenoît Descamps.
=264  \1$aLondon :$bISTE,$c2014.
=300  \\$a1 online resource.
=336  \\$atext$btxt$2rdacontent
=337  \\$acomputer$bc$2rdamedia
=338  \\$aonline resource$bcr$2rdacarrier
=490  0\$aFocus series,$x2051-2481
=490  0\$aNumerical methods in engineering series
=500  \\$aDescription based on print version record.
=500  \\$a"ISSN 2051-249X (online)"--title page verso.
=504  \\$aIncludes bibliographical references and index.
=533  \\$aElectronic reproduction.$bPalo Alto, Calif.$nAvailable via World Wide Web.
=588  \\$aDescription based on print version record.
=650  \0$aStructural engineering$xMathematical models.
=710  2\$aebrary, Inc.
=776  08$cOriginal$z9781848216747$z1848216742
=856  40$uhttp://ezproxy.fau.edu/login?url=http://site.ebrary.com/lib/floridaatlantic/docDetail.action?docID=10849300$yFAU: Off-campus access limited to current FAU students & employees$5FBoU

