=LDR  01803nam a2200421 i 4500
=001  032722395
=005  20140514131433.0
=006  m\\\\\o\\d\\\\\\\\
=007  cr\cn|||||||||
=008  131230s2013\\\\sp\\\\\\o\\\\\000\0\spa\d
=020  \\$z9788436266092
=020  \\$a9788436266603 (electronic bk.)
=035  \\$a(CaPaEBR)ebr10806733
=035  \\$a(OCoLC)868914035
=040  \\$aFlNmELB$bspa$erda$cFlNmELB
=050  14$aRG135$b.J957 2013eb
=080  \\$a340.12
=082  04$a176$223
=100  1\$aJunquera de Estéfani, Rafael.
=245  13$aLa reproducción médicamente asistida :$bun estudio desde el derecho y desde la moral /$cRafael Junquera de Estéfani, F. Javier de la Torre Díaz.
=264  \1$aMadrid :$bUniversidad Nacional de Educación a Distancia,$c[2013]
=300  \\$a1 online resource
=336  \\$atext$2rdacontent
=337  \\$acomputer$2rdamedia
=338  \\$aonline resource$2rdacarrier
=490  1\$aColección Temática ;$v0103005
=490  1\$aCiencias de la Salud ;$v0103005
=588  \\$aDescription based on online resource; title from PDF title page (ebrary, viewed December 30, 2013).
=590  \\$aRecurso electronico. Santa Fe, Arg. : e-libro, 2013. Disponible via World Wide Web. El acceso puede ser limitado para las bibliotecas afiliadas a e-libro.
=650  \4$aReproducción asistida.
=650  \4$aÉtica.
=650  \0$aFertilization in vitro, Human$xMoral and ethical aspects.
=655  \7$aLibros electronicos.$2local
=700  1\$aTorre Díaz, Francisco Javier de la.
=797  2\$ae-libro, Corp.
=830  \0$aColección Temática (UNED) ;$v0103005.
=830  \0$aCiencias de la Salud (UNED) ;$v0103005.
=856  40$uhttp://site.ebrary.com/lib/univflorida/Doc?id=10806733$yUF: Off-campus access limited to current UF students & employees$5FU

