=LDR  03329ngm a2200517Ia 4500
=001  032734602
=005  20140801093818.0
=006  m|||||o||c||||||||
=007  vz|czazuu
=007  cr|cna
=008  140512s2012||||nyu044||||||||o|||vleng|d
=028  40$a55686s$bFilms Media Group
=028  40$a55688$bFilms Media Group
=035  \\$a(FOD)100055688
=040  \\$aAzPhAEM
=245  00$aPeople Power$h[electronic resource (video)] /$cBBC Worldwide Ltd.
=260  3\$aNew York, N.Y. :$bFilms Media Group,$c[2014], c2012.
=300  \\$a1 streaming video file (44 min.) :$bsd., col.
=490  1\$aThe British: An Epic Adventure Through the Ages
=490  1\$aFilms on Demand$5FTaSU
=599  \\$a(OCoLC)879609210
=500  \\$aEncoded with permission for digital streaming by Films Media Group on March 21, 2014.
=500  \\$aFilms on Demand is distributed by Films Media Group for Films for the Humanities & Sciences, Cambridge Educational, Meridian Education, and Shopware.
=505  0\$aNorman Conquest (2:12) -- Harrying of the North (2:59) -- Norman Infrastructure (2:50) -- Doomsday Book (3:24) -- Medieval English Society (1:15) -- Norman Cathedrals (1:17) -- Norman Crusaders (2:49) -- Robin Hood Legend (4:58) -- Bubonic Plague (6:32) -- Post-Plague Middle Class (2:35) -- Peasant's Revolt (6:25) -- Battle of Agincourt (3:48) -- New British Freedom (1:33) -- Credits: People Power: The British-An Epic Adventure Through the Ages (0:42)
=506  \\$aAccess requires authentication through Films on Demand.
=520  \\$aToday, much of the planet's population lives in a British-shaped world. How did this clutch of islands off the coast of Europe come to dominate the globe? The British presents the history of the British Isles from Stonehenge to World War Two using gripping drama reconstruction, the latest CG, time-lapse and aerial footage. People Power covers the Norman Conquest, feudal system, Crusades, Black Plague, Peasant's Revolt, and the Battle of Agincourt.
=521  2\$a10 & up.
=538  \\$aMode of access: Internet.
=538  \\$aSystem requirements: FOD playback platform.
=588  \\$aTitle from distributor's description.
=650  \0$aCivilization, Medieval.
=650  \0$aMiddle Ages.
=650  \0$aMilitary history.
=650  \0$aWorld history.
=651  \0$aGreat Britain$xColonies$xSocial life and customs.
=655  \0$aEducational films.
=655  \0$aInternet videos.
=655  \7$aVideorecording.$2local
=710  2\$aFilms for the Humanities & Sciences (Firm)
=710  2\$aFilms Media Group.
=776  08$iOriginally produced:$dBBC Worldwide Ltd, 2012.
=830  \0$aBritish : An Epic Adventure Through the Ages
=856  40$uhttp://ezproxy.fiu.edu/login?url=http://digital.films.com/PortalPlaylists.aspx?aid=24982&xtid=55688$yFIU users: view content here$5FMFIU
=856  40$uhttps://login.proxy.lib.fsu.edu/login?url=http://digital.films.com/PortalPlaylists.aspx?aid=1274&xtid=55688$yFSU: Off-campus access limited to current FSU students & employees$zFOD Subscription$5FTaSU
=830  \0$aFilms on Demand$5FTaSU
=856  4\$uhttp://ezproxy.fgcu.edu/login?url=http://ezproxy.fgcu.edu/login?url=http://digital.films.com/PortalPlaylists.aspx?aid=21751&xtid=55688$zFGCU: Off-campus access limited to current FGCU students and employees.$yConnect Now$5FFmFGC

