=LDR  01433ncm a22003973a 4500
=001  032741279
=005  20140519132440.0
=006  m|||||o||d||||||||
=007  cr||n\\\\||a|a
=007  q|
=008  140415s1906\\\\xx\||a||s||||||n||||ger|d
=035  \\$a(VaAlASP)ASP426605/shmu
=040  \\$aVaAlASP$cVaAlASP
=049  \\$aFGME
=100  1\$aCornelius, Peter,$d1824-1874.$4cmp
=240  10$aAmor im Nachen
=245  10$aAmor in nachen$h[electronic resource].
=246  11$aCupid in the boat
=246  13$aVier italienische Chorlieder, 1872
=260  \\$a[S.l.] :$bBreitkopf and Härtel,$c1906.
=300  \\$a1 online resource (1 score (4 p.))
=490  0\$aClassical scores library
=490  0\$aUniversity music editions
=500  \\$aFull Score.
=500  \\$aTitle from HTML t.p. (viewed Oct. 9, 2013).
=533  \\$aElectronic reproduction.$bAlexandria, VA :$cAlexander Street Press,$d2013.$f(Classical scores library).$nAvailable via World Wide Web.
=546  \\$aThis edition in English.
=599  \\$a(OCoLC)877966881
=650  \0$aChoral music.
=650  \0$aMusic$y19th century.
=650  \0$aPiano music.
=650  \0$aVocal music.
=700  12$aBaussnern, Waldemar von,$d1866-1931.$4edt
=700  12$aCornelius, Peter,$d1824-1874.$4lbt
=700  12$aHasse, Max,$d1859-1935.$4edt
=856  40$zFull text available:$uhttp://ezproxy.fau.edu/login?url=http://www.aspresolver.com/aspresolver.asp?SHMU;426605$5FBoU

