=LDR  01278ncm a22003253a 4500
=001  032742542
=005  20140519141606.0
=006  m|||||o||d||||||||
=007  cr||n\\\\||a|a
=007  q|
=008  140415s1899\\\\xx\||a||s||||||n||||ger|d
=035  \\$a(VaAlASP)ASP412335/shmu
=040  \\$aVaAlASP$cVaAlASP
=049  \\$aFGME
=100  1\$aBach, Johann Sebastian,$d1685-1750.$4cmp
=240  10$aLobt Gott, ihr Christen, allzugleich (Chorale),$nBWV 376
=245  10$aLobt Gott, ihr Christen, allzugleich,$nBWV 376$h[electronic resource] /$cJohann Sebastian Bach.
=260  \\$a[S.l.] :$bBach Gesellschaft Edition, Leipzig,$c1899.
=300  \\$a1 online resource (1 score (1 p.))
=490  0\$aClassical scores library
=490  0\$aUniversity music editions
=500  \\$aFull Score.
=500  \\$aTitle from HTML t.p. (viewed Oct. 9, 2013).
=533  \\$aElectronic reproduction.$bAlexandria, VA :$cAlexander Street Press,$d2013.$f(Classical scores library).$nAvailable via World Wide Web.
=546  \\$aThis edition in German.
=599  \\$a(OCoLC)877971014
=650  \0$aChorales.
=650  \0$aMusic$y18th century.
=650  \0$aVocal music.
=856  40$zFull text available:$uhttp://ezproxy.fau.edu/login?url=http://www.aspresolver.com/aspresolver.asp?SHMU;412335$5FBoU

