=LDR  01338ncm a22003373a 4500
=001  032743792
=005  20140519145755.0
=006  m|||||o||d||||||||
=007  cr||n\\\\||a|a
=007  q|
=008  140415s1936\\\\xx\||a||s||||||n||||eng|d
=035  \\$a(VaAlASP)ASP409522/shmu
=040  \\$aVaAlASP$cVaAlASP
=049  \\$aFGME
=100  1\$aLiszt, Franz,$d1811-1886.$4cmp
=240  10$aWeinen, Klagen, Sorgen, Zagen
=245  10$aWeinen, Klagen, Sorgen, Zagen'$h[electronic resource] :$bPräludium nach Joh.Seb.Bach.
=246  13$aWeinen, Klagen, Sorgen, Zagen, Präludium (Bach)
=246  13$aWeinen, Klagen, Sorgen, Zagen, Präludium Bach
=260  \\$a[S.l.] :$bBreitkopf and Härtel,$c1936.
=300  \\$a1 online resource (1 score (4 p.))
=490  0\$aClassical scores library
=490  0\$aUniversity music editions
=500  \\$aFull Score.
=500  \\$aTitle from HTML t.p. (viewed Oct. 9, 2013).
=533  \\$aElectronic reproduction.$bAlexandria, VA :$cAlexander Street Press,$d2013.$f(Classical scores library).$nAvailable via World Wide Web.
=599  \\$a(OCoLC)877974590
=650  \0$aMusic$y19th century.
=650  \0$aPiano music.
=700  12$aMotta, José Vianna da,$d1868-1948.$4edt
=856  40$zFull text available:$uhttp://ezproxy.fau.edu/login?url=http://www.aspresolver.com/aspresolver.asp?SHMU;409522$5FBoU

