=LDR  01132ngm a2200349uu 4500
=001  032744460
=005  20140519175736.0
=008  100813s9999\\\\xx\|||\|||||||||||ml|||\d
=035  \\$aASP759194/ahiv
=245  00$aThe Big Picture, Episode 216: All American /
=260  \\$aDistrict of Columbia :$bArmy Pictorial Service,$c1952.
=306  \\$a002834
=490  0\$aAmerican History in Video
=490  0\$aBig Picture ;$v216
=546  \\$aIn English
=610  24$aUnited States. Army
=648  \4$a1952
=648  \4$aPost-war Era (1945–1960)
=650  \4$aMilitary maneuvers
=650  \4$aMilitary training
=650  \4$aWorld War II, 1939-1945
=651  \4$aHaute-Normandy
=651  \4$aFrance
=651  \4$aGermany
=651  \4$aItaly
=655  \4$aDocumentary
=700  12$aQueen, Stuart$4nrt
=700  1\$aQueen, Stuart$4nrt
=710  2\$aOffice of the Chief Signal Officer$4asg
=856  40$uhttp://famuproxy.fcla.edu/login?url=http://www.aspresolver.com/aspresolver.asp?AHIV;759194$yFAMU: Off-campus access limited to current FAMU students & employees$5FTaFA
=945  \\$a229
=950  \\$aHISC$bAHIV$cAHIV-V1$cVAST-BF

