=LDR  00980ngm a2200289uu 4500
=001  032744669
=005  20140519175945.0
=008  100813s9999\\\\xx\|||\|||||||||||ml|||\d
=035  \\$aASP774489/ahiv
=245  00$aThe Big Picture, Episode 456: Operation Discovery /
=260  \\$aDistrict of Columbia :$bArmy Pictorial Service,$c1959.
=306  \\$a002839
=490  0\$aAmerican History in Video
=490  0\$aBig Picture ;$v456
=546  \\$aIn English
=610  24$aUnited States. Army
=648  \4$a1959
=648  \4$aPost-war Era (1945–1960)
=650  \4$aBoot camp
=650  \4$aMilitary life
=650  \4$aMilitary personnel
=651  \4$aFort Dix, NJ
=655  \4$aDocumentary
=710  2\$aOffice of the Chief Signal Officer$4asg
=856  40$uhttp://famuproxy.fcla.edu/login?url=http://www.aspresolver.com/aspresolver.asp?AHIV;774489$yFAMU: Off-campus access limited to current FAMU students & employees$5FTaFA
=945  \\$a229
=950  \\$aHISC$bAHIV$cAHIV-V1$cVAST-BF

