=LDR  01035ngm a2200301uu 4500
=001  032744883
=005  20140519180217.0
=008  100813s9999\\\\xx\|||\|||||||||||ml|||\d
=035  \\$aASP456490/ahiv
=245  00$aBuried Secrets of the Revolutionary War /
=260  \\$aNew York, NY :$bA&E Television Networks,$c2004.
=306  \\$a004546
=490  0\$aAmerican History in Video
=490  0\$aInvestigating History ;$v16
=546  \\$aIn English
=600  14$aMcCrea, Jane
=648  \4$a1777
=648  \4$aRevolutionary Era (1765–1789)
=650  \4$aCivilian war casualties
=651  \4$aFort Edward, NY
=655  \4$aDocumentary
=700  1\$aKurtis, Bill$4pro
=700  2\$aHistory Channel$4pro
=710  2\$aHistory Channel$4asg
=776  0\$cOriginal publisher catalog number$oAAE-73760
=856  40$uhttp://famuproxy.fcla.edu/login?url=http://www.aspresolver.com/aspresolver.asp?AHIV;456490$yFAMU: Off-campus access limited to current FAMU students & employees$5FTaFA
=945  \\$a229
=950  \\$aHISC$bAHIV$cAHIV-V1$cVAST-BF

