=LDR  01165ngm a2200361uu 4500
=001  032745160
=005  20140519180525.0
=008  100813s9999\\\\xx\|||\|||||||||||ml|||\d
=035  \\$aASP527551/ahiv
=245  00$aGen. Harold R. Harris /
=260  \\$aNew York, NY :$bColumbia Broadcasting System (CBS), New York, NY,$c1953.
=306  \\$a001439
=490  0\$aAmerican History in Video
=490  0\$aChronoscope
=546  \\$aIn English
=648  \4$a1953
=648  \4$aPost-war Era (1945–1960)
=650  \4$aAirplanes
=651  \4$aChina
=651  \4$aGermany
=651  \4$aKorea (Historical Place)
=655  \4$aInterview
=700  12$aLeSueur, Larry$4nrt
=700  12$aWilson, Gil Robb$4nrt
=700  1\$aWilson, Gill Robb$4nrt
=700  \\$aHarris, Harold Ross$4spk
=700  1\$aHarris, Harold Ross$4ive
=700  1\$aLeSueur, Larry$4ivr
=700  1\$aWilson, Gill Robb$4ivr
=710  2\$aChronoscope$4asg
=856  40$uhttp://famuproxy.fcla.edu/login?url=http://www.aspresolver.com/aspresolver.asp?AHIV;527551$yFAMU: Off-campus access limited to current FAMU students & employees$5FTaFA
=945  \\$a229
=950  \\$aHISC$bAHIV$cAHIV-V1$cVAST-BF

