=LDR  01112ngm a2200325uu 4500
=001  032745406
=005  20140519180758.0
=008  100813s9999\\\\xx\|||\|||||||||||ml|||\d
=035  \\$aASP1772301/ahiv
=245  00$aInterview with Ray S. Cline, 1982 /$cProduced by Richard Ellison
=260  \\$aBoston, MA :$bWGBH Boston Video,$c1983.
=306  \\$a002253
=490  0\$aAmerican History in Video
=490  0\$aVietnam: A Television History
=546  \\$aIn English
=610  24$aCentral Intelligence Agency, Langley, VA
=648  \4$a1964
=648  \4$aThe Sixties (1960–1974)
=650  \4$aBombarbment
=650  \4$aMilitary intelligence
=650  \4$aMilitary raids
=650  \4$aNaval battles
=650  \4$aVietnam War, 1955-1975
=651  \4$aVietnam
=655  \4$aInterview
=700  1\$aEllison, Richard$4pro
=776  0\$cOriginal publisher catalog number$o301290-1
=856  40$uhttp://famuproxy.fcla.edu/login?url=http://www.aspresolver.com/aspresolver.asp?AHIV;1772301$yFAMU: Off-campus access limited to current FAMU students & employees$5FTaFA
=945  \\$a229
=950  \\$aHISC$bAHIV$cAHIV-V1

