=LDR  01015ngm a2200277uu 4500
=001  032745678
=005  20140519181053.0
=008  100813s9999\\\\xx\|||\|||||||||||ml|||\d
=035  \\$aASP782521/ahiv
=245  00$aOpening of Williamsburg Bridge /
=260  \\$aUnited States :$bAmerican Mutoscope and Biograph Company,$c1904.
=306  \\$a000059
=490  0\$aAmerican History in Video
=490  0\$aNew York at the Turn of the Century
=546  \\$aIn English
=648  \4$a1904
=648  \4$aThe Gilded Age & Progressive Era (1876–1913)
=650  \4$aBridges
=650  \4$aParades
=650  \4$aUrban life
=651  \4$aNew York, NY
=655  \4$aDocumentary
=710  2\$aLibrary of Congress Motion Picture, Broadcasting and Recorded Sound Division, Washington, D.C$4asg
=856  40$uhttp://famuproxy.fcla.edu/login?url=http://www.aspresolver.com/aspresolver.asp?AHIV;782521$yFAMU: Off-campus access limited to current FAMU students & employees$5FTaFA
=945  \\$a229
=950  \\$aHISC$bAHIV$cAHIV-V1$cVAST-BF

