=LDR  01095ngm a2200325uu 4500
=001  032745920
=005  20140519181329.0
=008  100813s9999\\\\xx\|||\|||||||||||ml|||\d
=035  \\$aASP528152/ahiv
=245  00$aSen. Homer Ferguson (R-MI) /
=260  \\$aNew York, NY :$bColumbia Broadcasting System (CBS), New York, NY,$c1951.
=306  \\$a001445
=490  0\$aAmerican History in Video
=490  0\$aChronoscope
=546  \\$aIn English
=600  14$aFerguson, Homer Samuel
=648  \4$a1951
=648  \4$aPost-war Era (1945–1960)
=650  \4$aGovernment
=655  \4$aInterview
=700  12$aShaw, Bruno$4nrt
=700  12$aHuie, William Bradford$4nrt
=700  \\$aFerguson, Homer Samuel$4spk
=700  1\$aFerguson, Homer Samuel$4ive
=700  1\$aHuie, William Bradford$4ivr
=700  1\$aShaw, Bruno$4ivr
=710  2\$aChronoscope$4asg
=856  40$uhttp://famuproxy.fcla.edu/login?url=http://www.aspresolver.com/aspresolver.asp?AHIV;528152$yFAMU: Off-campus access limited to current FAMU students & employees$5FTaFA
=945  \\$a229
=950  \\$aHISC$bAHIV$cAHIV-V1$cVAST-BF

