=LDR  01010ngm a2200301uu 4500
=001  032746156
=005  20140519181553.0
=008  100813s9999\\\\xx\|||\|||||||||||ml|||\d
=035  \\$aASP525873/ahiv
=245  00$aUnited News, Release 108, 1944 /
=260  \\$aLos Angeles, CA - Hollywood :$bUnited Newsreel Corporation,$c1944.
=306  \\$a000903
=490  0\$a
=490  0\$aUnited News ;$v108
=534  \\$pOriginally published:$c23 Jun 1944
=546  \\$aIn English
=648  \4$a1944
=648  \4$aDepression & World War II (1929–1945)
=650  \4$aAirplanes
=650  \4$aMilitary withdrawals
=650  \4$aWar
=650  \4$aWorld War II, 1939-1945
=651  \4$aRome, Latium
=655  \4$aNewsreel
=710  2\$aUnited Newsreel$4asg
=856  40$uhttp://famuproxy.fcla.edu/login?url=http://www.aspresolver.com/aspresolver.asp?AHIV;525873$yFAMU: Off-campus access limited to current FAMU students & employees$5FTaFA
=945  \\$a229
=950  \\$aHISC$bAHIV$bWNRV$cAHIV-V1$cVAST-BF$cWNRV-PK$cANIV-V1

