=LDR  01112ngm a2200337uu 4500
=001  032746368
=005  20140519181751.0
=008  100813s9999\\\\xx\|||\|||||||||||ml|||\d
=035  \\$aASP663288/ahiv
=245  00$aUniversal Newsreels, Release 1, December 29, 1966 /
=260  \\$aLos Angeles, CA - Hollywood :$bUniversal Pictures Company Inc.,$c1966.
=306  \\$a000723
=490  0\$aAmerican History in Video
=490  0\$aUniversal Newsreels ;$v1
=534  \\$pOriginally published:$c29 Dec 1966
=546  \\$aIn English
=600  14$aHope, Bob
=648  \4$a1966
=648  \4$aThe Sixties (1960–1974)
=650  \4$aChristmas
=650  \4$aCultural life
=650  \4$aMilitary morale
=650  \4$aSoldiers
=650  \4$aVietnam War, 1955-1975
=651  \4$aVietnam
=655  \4$aNewsreel
=700  12$aHerlihy, Ed$4nrt
=710  2\$aUniversal Newsreel$4asg
=856  40$uhttp://famuproxy.fcla.edu/login?url=http://www.aspresolver.com/aspresolver.asp?AHIV;663288$yFAMU: Off-campus access limited to current FAMU students & employees$5FTaFA
=945  \\$a229
=950  \\$aHISC$bAHIV$cAHIV-V1$cVAST-BF

