=LDR  01064ngm a2200313uu 4500
=001  032746577
=005  20140519181950.0
=008  100813s9999\\\\xx\|||\|||||||||||ml|||\d
=035  \\$aASP526624/ahiv
=245  00$aUniversal Newsreels, Release 13, February 13, 1958 /
=260  \\$aLos Angeles, CA - Hollywood :$bUniversal Pictures Company Inc.,$c1958.
=306  \\$a000643
=490  0\$aAmerican History in Video
=490  0\$aUniversal Newsreels ;$v13
=534  \\$pOriginally published:$c13 Feb 1958
=546  \\$aIn English
=600  14$aEisenhower, Dwight D.
=648  \4$a1958
=648  \4$aPost-war Era (1945–1960)
=650  \4$aEconomic conditions
=651  \4$aUnited States
=651  \4$aAustria
=651  \4$aItaly
=655  \4$aNewsreel
=700  12$aManess, Fred$4nrt
=710  2\$aUniversal Newsreel$4asg
=856  40$uhttp://famuproxy.fcla.edu/login?url=http://www.aspresolver.com/aspresolver.asp?AHIV;526624$yFAMU: Off-campus access limited to current FAMU students & employees$5FTaFA
=945  \\$a229
=950  \\$aHISC$bAHIV$cAHIV-V1$cVAST-BF

