=LDR  01021ngm a2200277uu 4500
=001  032746786
=005  20140519182150.0
=008  100813s9999\\\\xx\|||\|||||||||||ml|||\d
=035  \\$aASP732904/ahiv
=245  00$aUniversal Newsreels, Release 188, May 10, 1943 /
=260  \\$aLos Angeles, CA - Hollywood :$bUniversal Pictures Company Inc.,$c1943.
=306  \\$a000805
=490  0\$a
=490  0\$aUniversal Newsreels ;$v188
=534  \\$pOriginally published:$c10 May 1943
=546  \\$aIn English
=648  \4$a1943
=648  \4$aDepression & World War II (1929–1945)
=650  \4$aMilitary victories
=650  \4$aAxis surrender North Africa to Allies, May 13, 1943
=651  \4$aNorth Africa
=655  \4$aNewsreel
=710  2\$aUniversal Newsreel$4asg
=856  40$uhttp://famuproxy.fcla.edu/login?url=http://www.aspresolver.com/aspresolver.asp?AHIV;732904$yFAMU: Off-campus access limited to current FAMU students & employees$5FTaFA
=945  \\$a229
=950  \\$aHISC$bAHIV$bWNRV$cAHIV-V1$cVAST-BF$cWNRV-PK$cANIV-V1

