=LDR  00991ngm a2200289uu 4500
=001  032746995
=005  20140519182350.0
=008  100813s9999\\\\xx\|||\|||||||||||ml|||\d
=035  \\$aASP733444/ahiv
=245  00$aUniversal Newsreels, Release 24, March 17, 1932 /
=260  \\$aLos Angeles, CA - Hollywood :$bUniversal Pictures Company Inc.,$c1932.
=306  \\$a000631
=490  0\$a
=490  0\$aUniversal Newsreels ;$v24
=534  \\$pOriginally published:$c17 Mar 1932
=546  \\$aIn English
=648  \4$a1932
=648  \4$aDepression & World War II (1929–1945)
=650  \4$aOcean voyages
=650  \4$aShips
=650  \4$aStorms
=651  \4$aBoston, MA
=655  \4$aNewsreel
=710  2\$aUniversal Newsreel$4asg
=856  40$uhttp://famuproxy.fcla.edu/login?url=http://www.aspresolver.com/aspresolver.asp?AHIV;733444$yFAMU: Off-campus access limited to current FAMU students & employees$5FTaFA
=945  \\$a229
=950  \\$aHISC$bAHIV$bWNRV$cAHIV-V1$cVAST-BF$cWNRV-PK$cANIV-V1

