=LDR  00956ngm a2200277uu 4500
=001  032747204
=005  20140519182547.0
=008  100813s9999\\\\xx\|||\|||||||||||ml|||\d
=035  \\$aASP782155/ahiv
=245  00$aUniversal Newsreels, Release 29, April 7, 1966 /
=260  \\$aLos Angeles, CA - Hollywood :$bUniversal Pictures Company Inc.,$c1966.
=306  \\$a000558
=490  0\$aAmerican History in Video
=490  0\$aUniversal Newsreels ;$v29
=534  \\$pOriginally published:$c7 Apr 1966
=546  \\$aIn English
=648  \4$a1966
=648  \4$aThe Sixties (1960–1974)
=650  \4$aTornados
=651  \4$aFlorida
=655  \4$aNewsreel
=700  12$aHerlihy, Ed$4nrt
=710  2\$aUniversal Newsreel$4asg
=856  40$uhttp://famuproxy.fcla.edu/login?url=http://www.aspresolver.com/aspresolver.asp?AHIV;782155$yFAMU: Off-campus access limited to current FAMU students & employees$5FTaFA
=945  \\$a229
=950  \\$aHISC$bAHIV$cAHIV-V1$cVAST-BF

