=LDR  01075ngm a2200301uu 4500
=001  032747413
=005  20140519182744.0
=008  100813s9999\\\\xx\|||\|||||||||||ml|||\d
=035  \\$aASP733373/ahiv
=245  00$aUniversal Newsreels, Release 334, March 6, 1935 /
=260  \\$aLos Angeles, CA - Hollywood :$bUniversal Pictures Company Inc.,$c1935.
=306  \\$a001422
=490  0\$a
=490  0\$aUniversal Newsreels ;$v334
=534  \\$pOriginally published:$c6 Mar 1935
=546  \\$aIn English
=648  \4$a1935
=648  \4$aDepression & World War II (1929–1945)
=650  \4$aGovernment policies
=650  \4$aLabor and unions
=650  \4$aNew Deal, 1933-1938
=651  \4$aDistrict of Columbia
=655  \4$aNewsreel
=700  \\$aLong, Huey Pierce, Jr.$4spk
=710  2\$aUniversal Newsreel$4asg
=856  40$uhttp://famuproxy.fcla.edu/login?url=http://www.aspresolver.com/aspresolver.asp?AHIV;733373$yFAMU: Off-campus access limited to current FAMU students & employees$5FTaFA
=945  \\$a229
=950  \\$aHISC$bAHIV$bWNRV$cAHIV-V1$cVAST-BF$cWNRV-PK$cANIV-V1

