=LDR  01081ngm a2200301uu 4500
=001  032747622
=005  20140519182945.0
=008  100813s9999\\\\xx\|||\|||||||||||ml|||\d
=035  \\$aASP732372/ahiv
=245  00$aUniversal Newsreels, Release 382, March 19, 1945 /
=260  \\$aLos Angeles, CA - Hollywood :$bUniversal Pictures Company Inc.,$c1945.
=306  \\$a000720
=490  0\$a
=490  0\$aUniversal Newsreels ;$v382
=534  \\$pOriginally published:$c19 Mar 1945
=546  \\$aIn English
=648  \4$a1945
=648  \4$aDepression & World War II (1929–1945)
=650  \4$aBombarbment
=650  \4$aBattle of Iwo Jima, February 19-March 16, 1945
=651  \4$aTokyo Metropolis
=655  \4$aNewsreel
=700  12$aHerlihy, Ed$4nrt
=700  12$aGrauer, Ben$4nrt
=710  2\$aUniversal Newsreel$4asg
=856  40$uhttp://famuproxy.fcla.edu/login?url=http://www.aspresolver.com/aspresolver.asp?AHIV;732372$yFAMU: Off-campus access limited to current FAMU students & employees$5FTaFA
=945  \\$a229
=950  \\$aHISC$bAHIV$bWNRV$cAHIV-V1$cVAST-BF$cWNRV-PK$cANIV-V1

