=LDR  03887nam a2200577Ki 4500
=001  032750469
=005  20140620120727.0
=006  m\\\\\o\\d\\\\\\\\
=007  cr\cnu|||unuuu
=008  140425s2014\\\\gw\a\\\\ob\\\\101\0\eng\d
=020  \\$a9783319067933 (electronic bk.)
=020  \\$a3319067931 (electronic bk.)
=020  \\$z9783319067926
=024  7\$a10.1007/978-3-319-06793-3$2doi
=035  \\$a(OCoLC)878117206
=040  \\$aGW5XE$beng$erda$epn$cGW5XE
=049  \\$aFXGG
=050  \4$aTK7882.I6
=072  \7$aUB$2bicssc
=072  \7$aCOM018000$2bisacsh
=082  04$a001.4/226$223
=245  00$aMultivariate network visualization :$bDagstuhl Seminar #13201, Dagstuhl Castle, Germany, May 12-17, 2013, Revised discussions /$cAndreas Kerren, Helen C. Purchase, Matthew O. Ward (eds.).
=264  \1$aCham :$bSpringer,$c2014.
=300  \\$a1 online resource (xvi, 237 pages) :$billustrations (some color).
=336  \\$atext$btxt$2rdacontent
=337  \\$acomputer$bc$2rdamedia
=338  \\$aonline resource$bcr$2rdacarrier
=490  1\$aLecture Notes in Computer Science,$x0302-9743 ;$v8380
=490  1\$aLNCS sublibrary. SL 3, Information systems and application, incl. Internet/Web and HCI
=504  \\$aIncludes bibliographical references and author index.
=520  \\$aThis book is the outcome of the Dagstuhl Seminar 13201 on Information Visualization - Towards Multivariate Network Visualization, held in Dagstuhl Castle, Germany in May 2013. The goal of this Dagstuhl Seminar was to bring together theoreticians and practitioners from Information Visualization, HCI and Graph Drawing with a special focus on multivariate network visualization, i.e., on graphs where the nodes and/or edges have additional (multidimensional) attributes. The integration of multivariate data into complex networks and their visual analysis is one of the big challenges not only in visualization, but also in many application areas. Thus, in order to support discussions related to the visualization of real world data, also invited researchers from selected application areas, especially bioinformatics, social sciences and software engineering. The unique "Dagstuhl climate" ensured an open and undisturbed atmosphere to discuss the state-of-the-art, new directions and open challenges of multivariate network visualization.
=588  \\$aDescription based on online resource; title from PDF title page (SpringerLink, viewed April 25, 2014).
=650  \0$aInformation visualization$vCongresses.
=650  \0$aVisual analytics$vCongresses.
=650  14$aComputer Science.
=650  24$aComputer Applications.
=650  24$aDiscrete Mathematics in Computer Science.
=650  24$aData Mining and Knowledge Discovery.
=650  24$aAlgorithm Analysis and Problem Complexity.
=650  24$aInformation Systems and Communication Service.
=655  \4$aElectronic books.
=700  1\$aKerren, Andreas$eeditor.
=700  1\$aPurchase, Helen C.,$eeditor.
=700  1\$aWard, Matthew,$d1955-,$eeditor.
=711  2\$aDagstuhl Seminar on Information Visualization-- Multivariate Network Visualization$d(2013 :$cDagstuhl Castle, Germany)
=830  \0$aLecture notes in computer science ;$v8380.$x0302-9743
=830  \0$aLNCS sublibrary.$nSL 3,$pInformation systems and applications, incl. Internet/Web, and HCI.
=856  40$3SpringerLink$uhttp://ezproxy.fiu.edu/login?url=http://dx.doi.org/10.1007/978-3-319-06793-3$yFIU users: view content here$5FMFIU
=856  40$3SpringerLink$uhttp://ezproxy.lib.usf.edu/login?url=http://dx.doi.org/10.1007/978-3-319-06793-3$yUSF ONLINE ACCESS$5FTS
=856  40$3SpringerLink$uhttp://ezproxy.lib.usf.edu/login?url=http://dx.doi.org/10.1007/978-3-319-06793-3$yUSF ONLINE ACCESS$5FTS
=856  40$3SpringerLink$uhttp://dx.doi.org/10.1007/978-3-319-06793-3$yUF: Off-campus access limited to current UF students & employees$5FU

