=LDR  01291ngm a2200337uu 4500
=001  032752800
=005  20140522174725.0
=008  100813s9999\\\\xx\|||\|||||||||||ml|||\d
=035  \\$aASP1678870/lawv
=245  00$aChild Abuse /$cby Ron Barber and Don Marsh
=260  \\$aSt. Louis, MO :$bLine of Duty,
=306  \\$a47 minutes
=490  0\$aCriminal Justice and Public Safety in Video
=490  0\$aIn the Line of Duty ;$v4
=520  3\$aCritical information for street cops on recognizing child abuse as first responders. Included is a debriefing from Dr. Armand Brodeur, an expert in recognizing and dealing with child abuse and in-dept
=546  \\$aIn English, Original Language in English
=650  \4$aPolice
=650  \4$aCriminal behavior
=650  \4$aHomelessness
=650  \4$aChildhood sexual abuse
=650  \4$aDomestic violence
=650  \4$aCrime
=650  \4$aLaw enforcement
=655  \4$aDocumentary
=700  1\$aBarber, Ron$4pro
=700  1\$aMarsh, Don$4pro
=700  1\$aBarber, Ron$4spk
=700  1\$aMarsh, Don$4spk
=856  40$uhttp://famuproxy.fcla.edu/login?url=http://www.aspresolver.com/aspresolver.asp?LAWV;1678870$yFAMU: Off-campus access limited to current FAMU students & employees$5FTaFA
=945  \\$a229
=950  \\$aVAND$bLAWV$cVSTR-ST$cVAST-BF

