=LDR  01252ngm a2200313uu 4500
=001  032753085
=005  20140522175009.0
=008  100813s9999\\\\xx\|||\|||||||||||ml|||\d
=035  \\$aASP1678902/lawv
=245  00$aNext-of-Kin-Notification /$cby Ron Barber and Don Marsh
=260  \\$aSt. Louis, MO :$bLine of Duty,
=306  \\$a39 minutes
=490  0\$aCriminal Justice and Public Safety in Video
=490  0\$aIn the Line of Duty ;$v12
=520  3\$aOne of the country's leading experts in notification of next-of-kin provides law enforcement officers with invaluable tools they need to have for the most professional notification of next-of-kin. Th
=546  \\$aIn English, Original Language in English
=650  \4$aNext of kin notification
=650  \4$aDeath
=650  \4$aPolice Procedure
=650  \4$aLaw enforcement
=650  \4$aCrime
=655  \4$aInstructional material
=700  1\$aBarber, Ron$4pro
=700  1\$aMarsh, Don$4pro
=700  1\$aBarber, Ron$4spk
=700  1\$aMarsh, Don$4spk
=856  40$uhttp://famuproxy.fcla.edu/login?url=http://www.aspresolver.com/aspresolver.asp?LAWV;1678902$yFAMU: Off-campus access limited to current FAMU students & employees$5FTaFA
=945  \\$a229
=950  \\$aVAND$bLAWV$cVSTR-ST$cVAST-BF

