=LDR  01806ngm a2200253uu 4500
=001  032754206
=005  20140522175910.0
=008  100813s9999\\\\xx\|||\|||||||||||ml|||\d
=035  \\$aASP1736825/ediv
=245  00$a2D Animation /
=260  \\$bTeachers TV/UK Department of Education,$c2005.
=306  \\$a14 minutes
=490  0\$aEducation in Video
=490  0\$aKS1/2 Art ;$v1
=520  3\$aIs the effort involved in doing animation worthwhile? Make your own mind up, and get some great ideas on how to do it yourself, as we look at the different approaches to 2D animation used by two Bristol primary schools. Vicky Cleeves at Fair Furlong Primary runs a series of after-school clubs for children keen to do animation. Suzie Azare at Bishopsworth Junior School is doing a concentrated 3 day animation project with her whole class. Both teachers are using animation as part of a creative cross-curricular approach to delivering art, ICT, literacy & maths. They start by making their characters and backgrounds, then film their animations using a video camera, a lap top & special animation software. The teachers in these examples benefit from a local Creative Partnerships scheme, which in this case enables them to work with filmmaker Kari Nygaard, who helps guide both Suzi and Vicky through the process.
=521  \\$aPrimary
=546  \\$aIn English
=650  \4$aContent Areas: Visual and Performing Arts
=655  \4$aInstructional material
=700  2\$aAvailable Light Productions$4pro
=776  0\$cOriginal publisher catalog number$oC/0689/001
=856  40$uhttp://famuproxy.fcla.edu/login?url=http://www.aspresolver.com/aspresolver.asp?EDIV;1736825$yFAMU: Off-campus access limited to current FAMU students & employees$5FTaFA
=945  \\$a229
=950  \\$aEDIV$bEDTV$bEDV1$cEDIV-V1$cEDTV-BF$cVAST-BF

