=LDR  01857ngm a2200253uu 4500
=001  032754433
=005  20140522180100.0
=008  100813s9999\\\\xx\|||\|||||||||||ml|||\d
=035  \\$aASP1737507/ediv
=245  00$aBattling the Bug /
=260  \\$bTeachers TV/UK Department of Education,$c2009.
=306  \\$a17 minutes
=490  0\$aEducation in Video
=490  0\$aSwine Flu
=520  3\$aAmidst an engaging and entertaining mix of vox pops from students and several seriously funny videos may by young people with Swine Flu, 'Battling the Bug' includes four top UK scientists who are playing an international role in the battle against the Swine Flu pandemic threat. Contributors include Dr. Othmar Engelhardt a scientist at the National Institute for Biological Standards and Control (an HPA affiliated lab) who helped crack the genetic code of the current virus and develop a Swine Flu vaccine. Dr. Tarit Mukhopadhyay is a bio-chemical engineer at UCL advising the government on the most efficient methods for producing vast amounts of vaccine as quickly as possible. Professor Wendy Barclay of Imperial College, London is an influenza specialist who is on constant lookout for Swine Flu virus mutations, and Professor Neil Ferguson at the Medical Research Council is one of the world's top advisors and biological modellers who predicts the potential impact of the pandemic.
=546  \\$aIn English
=650  \4$aHealth
=650  \4$aContent Areas: Sciences
=655  \4$aInstructional material
=700  2\$aBrook Lapping Productions$4pro
=776  0\$cOriginal publisher catalog number$oC/3745/001
=856  40$uhttp://famuproxy.fcla.edu/login?url=http://www.aspresolver.com/aspresolver.asp?EDIV;1737507$yFAMU: Off-campus access limited to current FAMU students & employees$5FTaFA
=945  \\$a229
=950  \\$aEDIV$bEDTV$bEDV1$cEDIV-V1$cEDTV-BF$cVAST-BF

