=LDR  01795ngm a2200253uu 4500
=001  032754650
=005  20140522180248.0
=008  100813s9999\\\\xx\|||\|||||||||||ml|||\d
=035  \\$aASP1742861/ediv
=245  00$aThe Challenge of Contemporary Art 1: Figures in the City /
=260  \\$bTeachers TV/UK Department of Education,$c2006.
=306  \\$a13 minutes
=490  0\$aEducation in Video
=490  0\$aKS3-4 Creative Arts ;$v1
=520  3\$a"Advanced Skills Art teacher Rod Hepworth uses the work of contemporary artist Albert Irvin to stimulate his KS3 class in a large-scale painting project exploring figures in the city. As a starting point, students collect images of figures in the street using their mobile phones and digital cameras. The images are then downloaded on to computers and re-formatted using readily available software. When the Year 8 students are introduced to the work of Albert Irvin they are excited by the possibilities presented and they begin work by projecting their street images directly onto large panels and, using a variety of means, produce their own paintings and in the process surprise themselves. The programme aims to encourage teachers who lack confidence with contemporary art projects. We see how Rod encourages his pupils to explore and risk-take in a safe arts environment."
=521  \\$aSecondary
=546  \\$aIn English
=650  \4$aContent Areas: Fine Arts
=655  \4$aInstructional material
=700  2\$aBig Heart Media$4pro
=776  0\$cOriginal publisher catalog number$oC/1987/001
=856  40$uhttp://famuproxy.fcla.edu/login?url=http://www.aspresolver.com/aspresolver.asp?EDIV;1742861$yFAMU: Off-campus access limited to current FAMU students & employees$5FTaFA
=945  \\$a229
=950  \\$aEDIV$bEDTV$bEDV1$cEDIV-V1$cEDTV-BF$cVAST-BF

