=LDR  01532ngm a2200253uu 4500
=001  032754870
=005  20140522180434.0
=008  100813s9999\\\\xx\|||\|||||||||||ml|||\d
=035  \\$aASP1736758/ediv
=245  00$aCommitted to Community: Ravensbury /
=260  \\$bTeachers TV/UK Department of Education,$c2005.
=306  \\$a14 minutes
=490  0\$aEducation in Video
=490  0\$aPrimary Management ;$v1
=520  3\$aRavensbury Community School, at the heart of an East Manchester Action Zone, deals with the effects of poverty on the families it serves every day. Headteacher Linda Shaw believes that engaging parents in the education of their children helps to break the cycle of poverty. Her school has become the hub of community projects which the outreach members of the school's staff operate. The programme features staff members Anne Roberts and Kay Hudson, who have developed successful methods of integrating pupils into the school. Members of the Parents' Survival Class also have their say about the importance of the school in their lives.
=521  \\$aPrimary
=546  \\$aIn English
=650  \4$aCommunity and Family Issues
=655  \4$aInstructional material
=700  2\$aLibra Television$4pro
=776  0\$cOriginal publisher catalog number$oC/0515/001
=856  40$uhttp://famuproxy.fcla.edu/login?url=http://www.aspresolver.com/aspresolver.asp?EDIV;1736758$yFAMU: Off-campus access limited to current FAMU students & employees$5FTaFA
=945  \\$a229
=950  \\$aEDIV$bEDTV$bEDV1$cEDIV-V1$cEDTV-BF$cVAST-BF

