=LDR  01567ngm a2200265uu 4500
=001  032755101
=005  20140522181728.0
=008  100813s9999\\\\xx\|||\|||||||||||ml|||\d
=035  \\$aASP1738277/ediv
=245  00$aDealing with Difficult Staff /
=260  \\$bTeachers TV/UK Department of Education,$c2010.
=306  \\$a4 minutes
=490  0\$aEducation in Video
=490  0\$aTips from the Top ;$v7
=520  3\$aGet advice on hosting effective parent meetings as Time Savers presenter and deputy headteacher Jo Parry meets with experienced teachers to share tips. In conversation with Lois Baird, headteacher at Solway Community Technology College, Cumbria, Jo shares lots of practical tips. These tips include establishing good relationships with parents ahead of meetings, managing parent meetings in big schools and presenting open evenings. Jo concludes with one of her own tips for preparing what to say about pupils ahead of parent meetings. Part of a series of 10 short videos offering tips on handling parents, managing staff and school trips.
=521  \\$aSecondary
=546  \\$aIn English
=650  \4$aCommunity and Family Issues
=650  \4$aTeacher Collaboration
=655  \4$aInstructional material
=700  2\$aLibra Television$4pro
=776  0\$cOriginal publisher catalog number$oC/4635/007
=856  40$uhttp://famuproxy.fcla.edu/login?url=http://www.aspresolver.com/aspresolver.asp?EDIV;1738277$yFAMU: Off-campus access limited to current FAMU students & employees$5FTaFA
=945  \\$a229
=950  \\$aEDIV$bEDTV$bEDV1$cEDIV-V1$cEDTV-BF$cVAST-BF

