=LDR  01494ngm a2200265uu 4500
=001  032755319
=005  20140522181911.0
=008  100813s9999\\\\xx\|||\|||||||||||ml|||\d
=035  \\$aASP1738842/ediv
=245  00$aEmbedding Change /
=260  \\$bTeachers TV/UK Department of Education,$c2008.
=306  \\$a17 minutes
=490  0\$aEducation in Video
=490  0\$aNew Secondary Curriculum ;$v4
=520  3\$aUp and down the country schools are implementing their new secondary curriculum. But the big question is - how do we know it's having an impact? Gordano School's new skills-based curriculum is underpinned by a set of core principles and thinking tools called the 'Gordano Learning Language'. This is taught explicitly to Year 7 and 8 pupils during regular Wednesday afternoon sessions. Now the school wants this 'Learning Language' to permeate every lesson, and they are trialling different measures to evaluate the impact of embedding their new curriculum into everyday learning.
=521  \\$aSecondary
=546  \\$aIn English
=650  \4$aCurriculum
=650  \4$aForeign Language
=655  \4$aInstructional material
=700  2\$aDouble Exposure/Flashback TV$4pro
=776  0\$cOriginal publisher catalog number$oJ/3269/004
=856  40$uhttp://famuproxy.fcla.edu/login?url=http://www.aspresolver.com/aspresolver.asp?EDIV;1738842$yFAMU: Off-campus access limited to current FAMU students & employees$5FTaFA
=945  \\$a229
=950  \\$aEDIV$bEDTV$bEDV1$cEDIV-V1$cEDTV-BF$cVAST-BF

