=LDR  01493ngm a2200241uu 4500
=001  032755535
=005  20140522182050.0
=008  100813s9999\\\\xx\|||\|||||||||||ml|||\d
=035  \\$aASP1738668/ediv
=245  00$aFlip Video Cameras /
=260  \\$bTeachers TV/UK Department of Education,$c2010.
=306  \\$a4 minutes
=490  0\$aEducation in Video
=490  0\$aTime Savers Special ;$v1
=520  3\$aEnglish teacher Connor Rodgers demonstrates how his department use Flip Video Cameras for easy and fun assessment and marking. Not only are the cameras easy to use and view back on the whiteboard, but it means Connor can save the videos as evidence and watch them in his own time, saving valuable teaching time in class. Meanwhile in the Science department, technician Phil Wilson explains how he uses the cameras to record demonstrations. These versatile videos can be played to teachers who miss the demonstration, as well as in class to pupils if the demonstration would need a lot of setting up or would be too dangerous for the pupils to do.
=546  \\$aIn English
=650  \4$aStudent Assessment
=655  \4$aInstructional material
=700  2\$aLibra Television$4pro
=776  0\$cOriginal publisher catalog number$oW/4561/001
=856  40$uhttp://famuproxy.fcla.edu/login?url=http://www.aspresolver.com/aspresolver.asp?EDIV;1738668$yFAMU: Off-campus access limited to current FAMU students & employees$5FTaFA
=945  \\$a229
=950  \\$aEDIV$bEDTV$bEDV1$cEDIV-V1$cEDTV-BF$cVAST-BF

