=LDR  01612ngm a2200277uu 4500
=001  032755756
=005  20140522182235.0
=008  100813s9999\\\\xx\|||\|||||||||||ml|||\d
=035  \\$aASP1730916/ediv
=245  00$aHands-on Art /
=260  \\$bTeachers TV/UK Department of Education,$c2006.
=306  \\$a14 minutes
=490  0\$aEducation in Video
=490  0\$aUsing Galleries ;$v2
=520  3\$aHow one primary school linked up with their local public art gallery in Wolverhampton to enhance their pupils' creativity with a stone-carving outreach project. This project sees Nisha Patel's Year 4 class from Merridale Primary School, working with an art interpreter from Wolverhampton Art Gallery. It all starts with a visit to the Gallery's 'Sensing Sculpture' exhibition, where pupils can touch, feel and smell the exhibits, and gain inspiration for their own pieces of art. The class then takes part in a stone carving workshop back at school where each pupil designs and creates their own stone carving, with guidance from a gallery expert.
=521  \\$aPrimary
=546  \\$aIn English
=650  \4$aContent Areas: Visual and Performing Arts
=650  \4$aContent Areas: Fine Arts
=650  \4$aTeaching Methods
=655  \4$aInstructional material
=700  2\$aITV Granada Manchester$4pro
=776  0\$cOriginal publisher catalog number$oC/0966/002
=856  40$uhttp://famuproxy.fcla.edu/login?url=http://www.aspresolver.com/aspresolver.asp?EDIV;1730916$yFAMU: Off-campus access limited to current FAMU students & employees$5FTaFA
=945  \\$a229
=950  \\$aEDIV$bEDTV$bEDV1$cEDIV-V1$cEDTV-BF$cVAST-BF

