=LDR  01269ngm a2200265uu 4500
=001  032755987
=005  20140522182423.0
=008  100813s9999\\\\xx\|||\|||||||||||ml|||\d
=035  \\$aASP1736828/ediv
=245  00$aImplementing the City Curriculum /
=260  \\$bTeachers TV/UK Department of Education,$c2005.
=306  \\$a14 minutes
=490  0\$aEducation in Video
=490  0\$aKS2 Geography ;$v2
=520  3\$aAlice Ballantine and Tina Harris, two Bristol primary school teachers, travel to Gloucester to talk to two Harewood School teachers about a new approach to teaching geography at Key Stage 2, 'The City Curriculum'. The radical approach takes a school's locality as a starting point for teaching geography as an integrated subject in Years 4 and 5.
=521  \\$aPrimary
=546  \\$aIn English
=650  \4$aContent Areas: Sciences
=650  \4$aCurriculum
=655  \4$aInstructional material
=700  2\$aAvailable Light Productions$4pro
=776  0\$cOriginal publisher catalog number$oC/0690/002
=856  40$uhttp://famuproxy.fcla.edu/login?url=http://www.aspresolver.com/aspresolver.asp?EDIV;1736828$yFAMU: Off-campus access limited to current FAMU students & employees$5FTaFA
=945  \\$a229
=950  \\$aEDIV$bEDTV$bEDV1$cEDIV-V1$cEDTV-BF$cVAST-BF

