=LDR  01856ngm a2200289uu 4500
=001  032756208
=005  20140522182604.0
=008  100813s9999\\\\xx\|||\|||||||||||ml|||\d
=035  \\$aASP1738603/ediv
=245  00$aJane Brown /
=260  \\$bTeachers TV/UK Department of Education,$c2010.
=306  \\$a5 minutes
=490  0\$aEducation in Video
=490  0\$aTAs with Talent
=520  3\$a"TAs with Talent winner Jane Brown shows the work she does with SEN pupils of all ages, focusing on encouraging communication skills and confidence. Jane, a HLTA at the Elms Special School on Merseyside and an expert in communication, shows how she works with pupils from nursery age up to 19, many of who have Down's syndrome. Her philosophy is simple; communication is the basis for all learning. With pre-verbal children she focuses one on one, using physical contact and symbols to encourage a response. Older students speak and sign in lively group sessions she's designed to improve their confidence and conversation Jane also works with the school choir, teaching the student of all abilities the signs to their favourite songs, and leads the training of TAs, teachers and parents in Makaton, a simplified sign language. In February 2010, the Teachers TV audience voted Jane Brown the most talented TA in the UK."
=521  \\$aPreschool
=521  \\$aPrimary
=521  \\$aSecondary
=546  \\$aIn English
=650  \4$aLeadership
=650  \4$aTeacher Support Personnel
=655  \4$aInstructional material
=700  2\$aEvans Woolfe$4pro
=776  0\$cOriginal publisher catalog number$oW/4209/001
=856  40$uhttp://famuproxy.fcla.edu/login?url=http://www.aspresolver.com/aspresolver.asp?EDIV;1738603$yFAMU: Off-campus access limited to current FAMU students & employees$5FTaFA
=945  \\$a229
=950  \\$aEDIV$bEDTV$bEDV1$cEDIV-V1$cEDTV-BF$cVAST-BF

