=LDR  01856ngm a2200265uu 4500
=001  032756425
=005  20140522182746.0
=008  100813s9999\\\\xx\|||\|||||||||||ml|||\d
=035  \\$aASP1731237/ediv
=245  00$aListening and Questioning /
=260  \\$bTeachers TV/UK Department of Education,$c2006.
=306  \\$a14 minutes
=490  0\$aEducation in Video
=490  0\$aEarly Years Workshop ;$v3
=520  3\$aThis programme takes a look at the importance for early years practitioners to listen to young children, in order to understand the questions children ask of the world around them. Presenter Sheila Sage asks: How do you know when children are asking questions and what questions they are asking? With guidance from Diane Rich, of our Early Years Workshop team, we visit Evesham Nursery School in Worcestershire. The children at Evesham Nursery School are exploring the properties of water. With the outdoor water tap as their starting point, where will their exploration take them? Chris, Beth and the other practitioners are careful to stand back and let the children explore to find out answers to their questions. Just how heavy is water? How does water move? The practitioners are on hand observing what questions the children are posing, and are ready to intervene when appropriate to help move the children's learning forward.
=521  \\$aPreschool
=546  \\$aIn English
=650  \4$aEarly Childhood Education
=650  \4$aLearning Styles
=655  \4$aInstructional material
=700  2\$aTelevision Junction$4pro
=776  0\$cOriginal publisher catalog number$oC/1182/003
=856  40$uhttp://famuproxy.fcla.edu/login?url=http://www.aspresolver.com/aspresolver.asp?EDIV;1731237$yFAMU: Off-campus access limited to current FAMU students & employees$5FTaFA
=945  \\$a229
=950  \\$aEDIV$bEDTV$bEDV1$cEDIV-V1$cEDTV-BF$cVAST-BF

