=LDR  01603ngm a2200253uu 4500
=001  032756648
=005  20140522182928.0
=008  100813s9999\\\\xx\|||\|||||||||||ml|||\d
=035  \\$aASP1730989/ediv
=245  00$aMiss Kelly Goes to Steiner /
=260  \\$bTeachers TV/UK Department of Education,$c2006.
=306  \\$a14 minutes
=490  0\$aEducation in Video
=490  0\$aMiss Kelly Goes To Steiner ;$v1
=520  3\$aIn this unique programme, the Deputy Head of Sackville Community College in West Sussex, Miss Sue Kelly, is invited to spend the day at the independent Brighton Steiner School and offers a fascinating insight into the world of alternative education. The students begin each day with a spiritual music and movement class. They follow their own Steiner Waldorf Curriculum and all management responsibility is held equally, being shared out amongst the staff and the school. Miss Kelly explores the differences between the mainstream and alternative educational systems and looks for new methods and practices to take away with her. Her conclusions are as eye-opening as the programme itself.
=546  \\$aIn English
=650  \4$aCurriculum
=650  \4$aTypes of Schools and Social Environment
=655  \4$aInstructional material
=700  2\$aLambent Productions$4pro
=776  0\$cOriginal publisher catalog number$oC/1010/001
=856  40$uhttp://famuproxy.fcla.edu/login?url=http://www.aspresolver.com/aspresolver.asp?EDIV;1730989$yFAMU: Off-campus access limited to current FAMU students & employees$5FTaFA
=945  \\$a229
=950  \\$aEDIV$bEDTV$bEDV1$cEDIV-V1$cEDTV-BF$cVAST-BF

