=LDR  00878ngm a2200253uu 4500
=001  032756878
=005  20140522183123.0
=008  100813s9999\\\\xx\|||\|||||||||||ml|||\d
=035  \\$aASP1828047/ediv
=245  00$aPencil Box Staining /$cby Annenberg Learner
=260  \\$aBurlington, VT :$bAnnenberg Learner,$c1997.
=306  \\$a18 minutes
=490  0\$aEducation in Video
=490  0\$aTeaching Math: A Video Library, K-4 ;$v27
=521  \\$aPrimary
=546  \\$aIn English
=650  \4$aTeaching Methods
=650  \4$aContent Areas: Mathematics
=655  \4$aInstructional material
=700  1\$aBarzyk, Fred$4pro
=700  1\$aRoche, Robert$4pro
=856  40$uhttp://famuproxy.fcla.edu/login?url=http://www.aspresolver.com/aspresolver.asp?EDIV;1828047$yFAMU: Off-campus access limited to current FAMU students & employees$5FTaFA
=945  \\$a229
=950  \\$aEDIV$bEDV1$cEDIV-V1

