=LDR  01647ngm a2200265uu 4500
=001  032757101
=005  20140522183306.0
=008  100813s9999\\\\xx\|||\|||||||||||ml|||\d
=035  \\$aASP1737699/ediv
=245  00$aPrimary Literacy: Planning Different Activities /
=260  \\$bTeachers TV/UK Department of Education,$c2010.
=306  \\$a4 minutes
=490  0\$aEducation in Video
=490  0\$aLesson Planning ;$v1
=520  3\$aLent Rise Combined School has a two form entry and the two Early Year teachers plan collaboratively, reporting back to each other & allowing the plan to be improved after its first delivery. Katie Penny has planned a lively story for the starter: mixed activities including puppets, speech bubbles and matching words for the main and a recap about the children's ideas for further literacy lessons for her plenary. She plans for choice within the lesson by giving the pupils options but still ensuring that the most popular activities don't get swamped by too many of them doing the same thing at the same time. Her tip for early years planning is to take one's cues from the class and to be flexible in one's approach.
=521  \\$aPrimary
=546  \\$aIn English
=650  \4$aTeaching Methods
=650  \4$aLiteracy
=655  \4$aInstructional material
=700  2\$aBrook Lapping Productions$4pro
=776  0\$cOriginal publisher catalog number$oC/4397/001
=856  40$uhttp://famuproxy.fcla.edu/login?url=http://www.aspresolver.com/aspresolver.asp?EDIV;1737699$yFAMU: Off-campus access limited to current FAMU students & employees$5FTaFA
=945  \\$a229
=950  \\$aEDIV$bEDTV$bEDV1$cEDIV-V1$cEDTV-BF$cVAST-BF

