=LDR  00827ngm a2200241uu 4500
=001  032757320
=005  20140522183448.0
=008  100813s9999\\\\xx\|||\|||||||||||ml|||\d
=035  \\$aASP1827826/ediv
=245  00$aReasons for Writing /$cby Annenberg Learner
=260  \\$aBurlington, VT :$bAnnenberg Learner,$c2007.
=306  \\$a28 minutes
=490  0\$aEducation in Video
=490  0\$aInside Writing Communities: Grades 3-5 ;$v3
=521  \\$aPrimary
=546  \\$aIn English
=650  \4$aTeaching Methods
=650  \4$aWriting
=655  \4$aInstructional material
=700  1\$aThomas, Lynda$4pro
=856  40$uhttp://famuproxy.fcla.edu/login?url=http://www.aspresolver.com/aspresolver.asp?EDIV;1827826$yFAMU: Off-campus access limited to current FAMU students & employees$5FTaFA
=945  \\$a229
=950  \\$aEDIV$bEDV1$cEDIV-V1

