=LDR  01743ngm a2200265uu 4500
=001  032757534
=005  20140522183628.0
=008  100813s9999\\\\xx\|||\|||||||||||ml|||\d
=035  \\$aASP1730763/ediv
=245  00$aSecondary Behaviour /
=260  \\$bTeachers TV/UK Department of Education,$c2005.
=306  \\$a28 minutes
=490  0\$aEducation in Video
=490  0\$aParents' Guide ;$v3
=520  3\$a"The Parents' Guide explores what is going on in schools today and discusses some of the key issues from a parent's point of view. In this programme we join Fiona and two parents, Shupikai Rinomhota and Janice Williams, together with education consultant Jan McKenley, to discuss behaviour in secondary schools. We look at some Teachers' TV programmes and see how the issue of pupil behaviour is being addressed by teachers, and, of course, parents. What are the current strategies for dealing with unacceptable behaviour at school? How do teachers address low level disruption in the classroom? How can anger management techniques help pupils understand and control their feelings? How can parents and teachers work together? You can hear the views of parents and gain an insight into what other schools are doing, then have your say by emailing parents@teachers.tv."
=521  \\$aSecondary
=546  \\$aIn English
=650  \4$aBehavior
=655  \4$aDocumentary
=655  \4$aInterview
=700  2\$aIllumina Digital$4pro
=776  0\$cOriginal publisher catalog number$oC/0786/003
=856  40$uhttp://famuproxy.fcla.edu/login?url=http://www.aspresolver.com/aspresolver.asp?EDIV;1730763$yFAMU: Off-campus access limited to current FAMU students & employees$5FTaFA
=945  \\$a229
=950  \\$aEDIV$bEDTV$bEDV1$cEDIV-V1$cEDTV-BF$cVAST-BF

