=LDR  01879ngm a2200253uu 4500
=001  032757747
=005  20140522183807.0
=008  100813s9999\\\\xx\|||\|||||||||||ml|||\d
=035  \\$aASP1736812/ediv
=245  00$aSoldiering On /
=260  \\$bTeachers TV/UK Department of Education,$c2005.
=306  \\$a14 minutes
=490  0\$aEducation in Video
=490  0\$aVocation, Vocation, Vocation ;$v4
=520  3\$aThe Army Way of Life (AWOL) is a work-related learning scheme run by the Army Careers Office in Lancashire and the county's Education Business Partnership. The scheme began in 2002 with 44 boys and has since expanded to include 100 students of both sexes. Year 11 pupils to spend one day a week with the Army taking part in a range of activities, including fitness training, assault courses and orienteering. AWOL is intended to give students an extended look at a range of jobs within the armed forces and the key skills required. Children interested in a military career are put forward by any of the secondary schools in the county. Only those medically unfit or with serious criminal convictions are ruled out. The Army uses the scheme to talent-spot soldiers of the future, while students benefit whether or not they sign on after leaving school. With skills such as leadership and team-working assisting them, they will become an asset in whichever industry they join.
=521  \\$aSecondary
=546  \\$aIn English
=650  \4$aTypes of Schools and Social Environment
=655  \4$aInstructional material
=700  2\$aITV Granada Manchester$4pro
=776  0\$cOriginal publisher catalog number$oC/0536/004
=856  40$uhttp://famuproxy.fcla.edu/login?url=http://www.aspresolver.com/aspresolver.asp?EDIV;1736812$yFAMU: Off-campus access limited to current FAMU students & employees$5FTaFA
=945  \\$a229
=950  \\$aEDIV$bEDTV$bEDV1$cEDIV-V1$cEDTV-BF$cVAST-BF

