=LDR  00874ngm a2200241uu 4500
=001  032757975
=005  20140522183955.0
=008  100813s9999\\\\xx\|||\|||||||||||ml|||\d
=035  \\$aASP1858083/ediv
=245  00$aThe Teacher’s Role in a Literary Community /$cby Annenberg Learner
=260  \\$aBurlington, VT :$bAnnenberg Learner,$c2002.
=306  \\$a18 minutes
=490  0\$aEducation in Video
=490  0\$aMaking Meaning in Literature: A Video Library, Grades 6-8 ;$v8
=521  \\$aMiddle
=546  \\$aIn English
=650  \4$aLiterature
=650  \4$aTeaching Methods
=655  \4$aInstructional material
=700  1\$aJackson, Carol$4pro
=856  40$uhttp://famuproxy.fcla.edu/login?url=http://www.aspresolver.com/aspresolver.asp?EDIV;1858083$yFAMU: Off-campus access limited to current FAMU students & employees$5FTaFA
=945  \\$a229
=950  \\$aEDIV$bEDV1$cEDIV-V1

