=LDR  00898ngm a2200277uu 4500
=001  032758203
=005  20140522184144.0
=008  100813s9999\\\\xx\|||\|||||||||||ml|||\d
=035  \\$aASP1827891/ediv
=245  00$aUnder Construction /$cby Annenberg Learner
=260  \\$aBurlington, VT :$bAnnenberg Learner,$c1995.
=306  \\$a56 minutes
=490  0\$aEducation in Video
=490  0\$aMinds of Our Own ;$v3
=521  \\$aPrimary
=521  \\$aMiddle
=521  \\$aSecondary
=521  \\$aPost Secondary
=546  \\$aIn English
=650  \4$aLearning Styles
=650  \4$aTeaching Methods
=655  \4$aInstructional material
=700  1\$aSchneps, Matthew H.$4pro
=856  40$uhttp://famuproxy.fcla.edu/login?url=http://www.aspresolver.com/aspresolver.asp?EDIV;1827891$yFAMU: Off-campus access limited to current FAMU students & employees$5FTaFA
=945  \\$a229
=950  \\$aEDIV$bEDV1$cEDIV-V1

