=LDR  01620ngm a2200253uu 4500
=001  032758417
=005  20140522184324.0
=008  100813s9999\\\\xx\|||\|||||||||||ml|||\d
=035  \\$aASP1736946/ediv
=245  00$aWhy Learn a Language? /
=260  \\$bTeachers TV/UK Department of Education,$c2005.
=306  \\$a14 minutes
=490  0\$aEducation in Video
=490  0\$aKS3 Modern Foreign Languages ;$v2
=520  3\$aThrough a workshop experience, a Year 9 class of girls at Hodge Hill Girls School in Birmingham are motivated to consider taking a Modern Foreign Language for either GCSE or as a Vocational Course. The programme features the Languages for Life Project Office, Annie Bannerman and her team of undergraduates from Aston University's School of Languages and Social Sciences leading a workshop with a Year 9 group of girls. The team work alongside pupils enabling them to discuss the opportunities that exist for students with language skills both academically and vocationally. The pupils embark on a voyage of discovery with the help of the Languages for Life website set up by Annie Bannerman :http://www.aston.ac.uk/lss/langlifehtml/
=521  \\$aSecondary
=546  \\$aIn English
=650  \4$aForeign Language
=655  \4$aInstructional material
=700  2\$aTelevision Junction$4pro
=776  0\$cOriginal publisher catalog number$oC/0747/002
=856  40$uhttp://famuproxy.fcla.edu/login?url=http://www.aspresolver.com/aspresolver.asp?EDIV;1736946$yFAMU: Off-campus access limited to current FAMU students & employees$5FTaFA
=945  \\$a229
=950  \\$aEDIV$bEDTV$bEDV1$cEDIV-V1$cEDTV-BF$cVAST-BF

