=LDR  02497nam a2200457 ia45c0
=005  20140529110200.0
=006  m\\\\fo\\d\\\\\\\\
=007  cr\bn\nnnauuuu
=008  131221s1962\\\\ohua\\\\o\\\\\001\0\eng\d
=035  \\$accn00417629
=040  \\$erda
=049  \\$aFSU-L
=049  \\$aUF-L
=049  \\$aFAMU-L
=050  \4$aHV8073$b.C75 1962
=245  00$aCriminal investigation and interrogation :$ba collection of edited lectures presented at various institutes of the Law-Medicine Center, Western Reserve University, in cooperation with the Cuyahoga County Coroner's Office, Cleveland 6, Ohio /$cedited by Samuel R. Gerber and Oliver Schroeder, Jr.
=264  \1$aCincinnati :$bW.H. Anderson Company,$c[1962]
=264  \2$a[Getzville, NY] :$bWilliam S. Hein & Company,$c[2013]
=300  \\$a1 online resource (xii, 503 pages) :$billustrations.
=336  \\$atext$2rdacontent
=337  \\$acomputer$2rdamedia
=338  \\$aonline resource$2rdacarrier
=490  1\$aScience in law enforcement series
=490  1\$aHeinOnline legal classics library
=588  \\$aDescription based on PDF title page, viewed December 21, 2013.
=500  \\$aIncludes index.
=650  10$aCriminal investigation.
=655  \0$aElectronic books.
=700  1\$aGerber, Samuel R.,$d1897-1987,$eeditor.
=700  1\$aSchroeder, Oliver,$eeditor.
=776  08$cOriginal$w(DLC) 62051963
=830  \0$aScience in law enforcement series.
=830  \0$aLegal classics library.
=852  8\$aFTaSU-L$bFSLAW$cELEC
=852  \\$aFU-L$bUFER$cLAW
=852  8\$aFlOrFAM$bAMLAW$cLAEL$hOnline
=856  40$uhttps://login.proxy.lib.fsu.edu/login?url=http://www.heinonline.org/HOL/Page?handle=hein.beal/ciintoga0001&id=1&size=2&collection=beal&index=beal$3HeinOnline Legal Classics Library$yFSU: Off-campus access limited to current FSU students & employees$5FTaSU
=856  40$uhttp://www.heinonline.org/HOL/Page?handle=hein.beal/ciintoga0001&id=1&size=2&collection=beal&index=beal$3HeinOnline Legal Classics Library$yUF: Off-campus access limited to current UF students & employees$5FU
=856  40$uhttp://ezproxy.amu.edu/login?url=http://www.heinonline.org/HOL/Page?handle=hein.beal/ciintoga0001&id=1&size=2&collection=beal&index=beal$3HeinOnline Legal Classics Library$yFAMU: Off-campus access limited to current FSU students & employees$5FTaFA
=949  \\$aHV 8073 .C75 1962$wLC$c1$i417629-2001$d12/30/2013$lMAIN$mHEN$q1$rY$sY$tWEB$u12/30/2013$xENG
=997  \\$a(c)2013 Cassidy Cataloguing Services, Inc.

