=LDR  01411ngm a2200349uu 4500
=001  032765836
=005  20140529120717.0
=008  100813s9999\\\\xx\|||\|||||||||||ml|||\d
=035  \\$aASP764538/ant1
=245  00$aBride Service /$cby Timothy Asch and Napoleon Chagnon
=260  \\$aWatertown, MA :$bDocumentary Educational Resources (DER),$c1975.
=306  \\$a8 minutes
=490  0\$aEthnographic Video Online, Volume 1
=490  0\$aYanomamö
=520  3\$aIn this vignette from daily life, Dedeheiwa's son returns from hunting and brings a wild turkey and a basket of fruit for his father-in-law. He dumps the goods on the ground, since avoidance rules prohibit him from delivering them directly.
=546  \\$aIn Yanomamö, Subtitles in English
=650  04$aYanomamö
=650  \4$aWives
=650  \4$aWomen
=650  \4$aDomestic chores
=650  \4$aSocietal structure
=650  \4$aMarriage
=650  \4$aDivision of labor
=700  1\$aAsch, Timothy$4aut
=700  1\$aChagnon, Napoleon$4aut
=700  1\$aAsch, Timothy$4drt
=700  1\$aChagnon, Napoleon$4drt
=773  0\$dWatertown, MA : Documentary Educational Resources (DER), 1975
=856  40$uhttp://famuproxy.fcla.edu/login?url=http://www.aspresolver.com/aspresolver.asp?ANTH;764538$yFAMU: Off-campus access limited to current FAMU students & employees$5FTaFA
=945  \\$a229
=945  \\$c49
=950  \\$aANTH$bANT1$cLTST$cVAST-BF

