=LDR  01499ngm a2200361uu 4500
=001  032766322
=005  20140529121536.0
=008  100813s9999\\\\xx\|||\|||||||||||ml|||\d
=035  \\$aASP765414/ant1
=245  00$aThe Meat Fight /$cby John Marshall
=260  \\$aWatertown, MA :$bDocumentary Educational Resources (DER),$c2009.
=306  \\$a14 minutes
=490  0\$aEthnographic Video Online, Volume 1
=490  0\$a!Kung
=518  \\$aRecorded in 1958
=518  \\$d1958
=520  3\$aIn this film, an argument arises between two bands when an antelope killed by a hunter from one band is found and distributed by a man from another band. The film illustrates conflict mediation in traditional Ju/'hoan society and the Ju/'hoan leaders' ability to settle disputes without violence and without formal political organization.
=546  \\$aIn English
=650  04$a!Kung
=650  04$aJu/'hoansi
=650  \4$aIn-group conflicts
=650  \4$aDiet and food
=650  \4$aHunting
=650  \4$aCultural identity
=650  \4$aTribal and national groups
=700  1\$aMarshall, John$4aut
=700  1\$aMarshall, John$4drt
=700  1\$aMarshall, John$4nrt
=773  0\$dWatertown, MA : Documentary Educational Resources (DER), 2009
=856  40$uhttp://famuproxy.fcla.edu/login?url=http://www.aspresolver.com/aspresolver.asp?ANTH;765414$yFAMU: Off-campus access limited to current FAMU students & employees$5FTaFA
=945  \\$a229
=945  \\$c49
=950  \\$aANTH$bANT1$cANTH-V1$cVAST-BF

