=LDR  01284ngm a2200277uu 4500
=001  032766928
=005  20140529122526.0
=008  100813s9999\\\\xx\|||\|||||||||||ml|||\d
=035  \\$aASP1859742/ant2
=245  00$aNima /$cDirected by Vincent Grémillon
=260  \\$aParis, France :$bZED,$c2006.
=306  \\$a5 minutes
=490  0\$aEthnographic Video Online, Volume 2
=490  0\$aLittle Man ;$v12
=520  3\$aLife is not always taught on school benches. In many countries, children must first learn ancestral traditions and know-hows. This series invites kids to travel the world and discover other lifestyles and ways of growing up. Each episode features a different child who is initiated by an elder to a special task in which he will have to demonstrate courage and maturity.
=546  \\$aIn English
=650  04$aNepalese
=650  \4$aHorses
=650  \4$aTribal and national groups
=700  1\$aCatteau, Manuel$4pro
=700  1\$aGrémillon, Vincent$4drt
=700  1\$aForrest, Jodie$4nrt
=773  0\$dParis, France : ZED, 2006
=856  40$uhttp://famuproxy.fcla.edu/login?url=http://www.aspresolver.com/aspresolver.asp?ANTH;1859742$yFAMU: Off-campus access limited to current FAMU students & employees$5FTaFA
=945  \\$a229
=950  \\$aANTH$bANT2$cANTH-V2$cVSTR-ST

