=LDR  00967ngm a2200289uu 4500
=001  032768215
=005  20140529131848.0
=008  100813s9999\\\\xx\|||\|||||||||||ml|||\d
=035  \\$aASP1748382/humv
=245  00$aBunkers
=260  \\$aNew York, NY$bA&E Television Networks
=306  \\$a45 minutes
=490  0\$a
=490  0\$aModern Marvels, Season 9 ;188
=546  \\$aIn English, Original Language in English
=650  \4$aMilitary facilities
=650  \4$aWar
=650  \4$aIndustrial buildings
=653  \4$aProtection
=653  \4$aBunkers
=655  \4$aDocumentary
=700  1\$aZiel, Robert E.$4pro
=710  2\$aActuality Productions, Inc.$4pro
=776  0\$cOriginal publisher catalog number$o17646
=856  40$uhttp://famuproxy.fcla.edu/login?url=http://www.aspresolver.com/aspresolver.asp?HUMV;1748382$yFAMU: Off-campus access limited to current FAMU students & employees$5FTaFA
=901  \\$aVAND$bSCIV$bHUMV$cSCIV-BF$cHUMV-V1$cVAST-BF
=945  \\$a229

