=LDR  00886ngm a2200277uu 4500
=001  032768938
=005  20140529133042.0
=008  100813s9999\\\\xx\|||\|||||||||||ml|||\d
=035  \\$aASP1749046/moto
=245  00$aThe Flying Saucers /
=260  \\$aNew York, NY :$bHome Box Office,$c1952.
=306  \\$a002939
=490  0\$a
=490  0\$aWe the People ;$v10
=534  \\$pOriginally published:$c1952
=546  \\$aIn English
=648  \4$a1952
=648  \4$aPost-war Era (1945–1960)
=650  \4$aAircrafts
=651  \4$aUnited States
=655  \4$aDocumentary
=700  12$aBlair, Frank$4nrt
=710  2\$aMarch of Time®$4asg
=856  40$uhttp://famuproxy.fcla.edu/login?url=http://www.aspresolver.com/aspresolver.asp?MOTO;1749046$yFAMU: Off-campus access limited to current FAMU students & employees$5FTaFA
=945  \\$a229
=950  \\$aHISC$bMOTO$bWNRV$cMOTO-BF$cWNRV-PK$cVSTR-ST

