=LDR  01019ngm a2200289uu 4500
=001  032769267
=005  20140529151833.0
=008  100813s9999\\\\xx\|||\|||||||||||ml|||\d
=035  \\$aASP660697/ahiv
=245  00$aUniversal Newsreels, Release 417, November 26, 1952 /
=260  \\$aLos Angeles, CA - Hollywood :$bUniversal Pictures Company Inc.,$c1952.
=306  \\$a000648
=490  0\$aAmerican History in Video
=490  0\$aUniversal Newsreels ;$v417
=534  \\$pOriginally published:$c26 Nov 1952
=546  \\$aIn English
=648  \4$a1952
=648  \4$aPost-war Era (1945–1960)
=650  \4$aAirplanes
=650  \4$aMilitary maneuvers
=650  \4$aKorean Conflict, 1950-1953
=655  \4$aNewsreel
=700  12$aHerlihy, Ed$4nrt
=710  2\$aUniversal Newsreel$4asg
=856  40$uhttp://famuproxy.fcla.edu/login?url=http://www.aspresolver.com/aspresolver.asp?AHIV;660697$yFAMU: Off-campus access limited to current FAMU students & employees$5FTaFA
=945  \\$a229
=950  \\$aHISC$bAHIV$cAHIV-V1$cVAST-BF

