=LDR  01133ngm a2200325uu 4500
=001  032769478
=005  20140529152116.0
=008  100813s9999\\\\xx\|||\|||||||||||ml|||\d
=035  \\$aASP783457/ahiv
=245  00$aUniversal Newsreels, Release 455, May 10, 1951 /
=260  \\$aLos Angeles, CA - Hollywood :$bUniversal Pictures Company Inc.,$c1951.
=306  \\$a000803
=490  0\$aAmerican History in Video
=490  0\$aUniversal Newsreels ;$v455
=534  \\$pOriginally published:$c10 May 1951
=546  \\$aIn English
=648  \4$a1951
=648  \4$aPost-war Era (1945–1960)
=650  \4$aGovernment policies
=650  \4$aInternational relations
=650  \4$aSpeeches
=650  \4$aKorean Conflict, 1950-1953
=651  \4$aKorea (Historical Place)
=655  \4$aNewsreel
=700  12$aHerlihy, Ed$4nrt
=700  \\$aTruman, Harry S.$4spk
=710  2\$aUniversal Newsreel$4asg
=856  40$uhttp://famuproxy.fcla.edu/login?url=http://www.aspresolver.com/aspresolver.asp?AHIV;783457$yFAMU: Off-campus access limited to current FAMU students & employees$5FTaFA
=945  \\$a229
=950  \\$aHISC$bAHIV$cAHIV-V1$cVAST-BF

