=LDR  01268ngm a2200385uu 4500
=001  032769689
=005  20140529152529.0
=008  100813s9999\\\\xx\|||\|||||||||||ml|||\d
=035  \\$aASP864968/ahiv
=245  00$aUniversal Newsreels, Release 491, August 13, 1953 /
=260  \\$aLos Angeles, CA - Hollywood :$bUniversal Pictures Company Inc.,$c1953.
=306  \\$a001402
=490  0\$aAmerican History in Video
=490  0\$aUniversal Newsreels ;$v491
=534  \\$pOriginally published:$c13 Aug 1953
=546  \\$aIn English
=600  14$aEisenhower, Dwight D.
=600  14$aHoover, Herbert
=648  \4$a1953
=648  \4$aPost-war Era (1945–1960)
=650  \4$aTransportation accidents
=650  \4$aCharity
=650  \4$aFactories
=650  \4$aWildfires
=650  \4$aLaws and legislation
=650  \4$aNavy ships
=650  \4$aPrisoners of war
=650  \4$aKorean Conflict, 1950-1953
=651  \4$aDetroit, MI
=655  \4$aNewsreel
=700  12$aHerlihy, Ed$4nrt
=710  2\$aUniversal Newsreel$4asg
=856  40$uhttp://famuproxy.fcla.edu/login?url=http://www.aspresolver.com/aspresolver.asp?AHIV;864968$yFAMU: Off-campus access limited to current FAMU students & employees$5FTaFA
=945  \\$a229
=950  \\$aHISC$bAHIV$cAHIV-V1$cVAST-BF

