=LDR  01027ngm a2200301uu 4500
=001  032769898
=005  20140529152758.0
=008  100813s9999\\\\xx\|||\|||||||||||ml|||\d
=035  \\$aASP526642/ahiv
=245  00$aUniversal Newsreels, Release 53, June 27, 1957 /
=260  \\$aLos Angeles, CA - Hollywood :$bUniversal Pictures Company Inc.,$c1957.
=306  \\$a000629
=490  0\$aAmerican History in Video
=490  0\$aUniversal Newsreels ;$v53
=534  \\$pOriginally published:$c27 Jun 1957
=546  \\$aIn English
=648  \4$a1957
=648  \4$aPost-war Era (1945–1960)
=650  \4$aTransportation accidents
=650  \4$aTrains
=651  \4$aGermany
=651  \4$aUnited States
=655  \4$aNewsreel
=700  12$aHerlihy, Ed$4nrt
=710  2\$aUniversal Newsreel$4asg
=856  40$uhttp://famuproxy.fcla.edu/login?url=http://www.aspresolver.com/aspresolver.asp?AHIV;526642$yFAMU: Off-campus access limited to current FAMU students & employees$5FTaFA
=945  \\$a229
=950  \\$aHISC$bAHIV$cAHIV-V1$cVAST-BF

