=LDR  00949ngm a2200265uu 4500
=001  032770166
=005  20140529174055.0
=008  100813s9999\\\\xx\|||\|||||||||||ml|||\d
=035  \\$aASP733670/ahiv
=245  00$aUniversal Newsreels, Release 568, June 2, 1937 /
=260  \\$aLos Angeles, CA - Hollywood :$bUniversal Pictures Company Inc.,$c1937.
=306  \\$a000955
=490  0\$a
=490  0\$aUniversal Newsreels ;$v568
=534  \\$pOriginally published:$c2 Jun 1937
=546  \\$aIn English
=648  \4$a1937
=648  \4$aDepression & World War II (1929–1945)
=650  \4$aMotor races
=651  \4$aIndianapolis, IN
=655  \4$aNewsreel
=710  2\$aUniversal Newsreel$4asg
=856  40$uhttp://famuproxy.fcla.edu/login?url=http://www.aspresolver.com/aspresolver.asp?AHIV;733670$yFAMU: Off-campus access limited to current FAMU students & employees$5FTaFA
=945  \\$a229
=950  \\$aHISC$bAHIV$bWNRV$cAHIV-V1$cVAST-BF$cWNRV-PK$cANIV-V1

