=LDR  01010ngm a2200289uu 4500
=001  032770375
=005  20140529174250.0
=008  100813s9999\\\\xx\|||\|||||||||||ml|||\d
=035  \\$aASP733347/ahiv
=245  00$aUniversal Newsreels, Release 613, November 8, 1937 /
=260  \\$aLos Angeles, CA - Hollywood :$bUniversal Pictures Company Inc.,$c1937.
=306  \\$a001238
=490  0\$a
=490  0\$aUniversal Newsreels ;$v613
=534  \\$pOriginally published:$c8 Nov 1937
=546  \\$aIn English
=648  \4$a1937
=648  \4$aDepression & World War II (1929–1945)
=650  \4$aTransportation accidents
=650  \4$aTrains
=650  \4$aTrucks
=651  \4$aGeorgia (U.S.)
=655  \4$aNewsreel
=710  2\$aUniversal Newsreel$4asg
=856  40$uhttp://famuproxy.fcla.edu/login?url=http://www.aspresolver.com/aspresolver.asp?AHIV;733347$yFAMU: Off-campus access limited to current FAMU students & employees$5FTaFA
=945  \\$a229
=950  \\$aHISC$bAHIV$bWNRV$cAHIV-V1$cVAST-BF$cWNRV-PK$cANIV-V1

