=LDR  01060ngm a2200301uu 4500
=001  032770584
=005  20140529174448.0
=008  100813s9999\\\\xx\|||\|||||||||||ml|||\d
=035  \\$aASP774634/ahiv
=245  00$aUniversal Newsreels, Release 670, May 25, 1938 /
=260  \\$aLos Angeles, CA - Hollywood :$bUniversal Pictures Company Inc.,$c1938.
=306  \\$a000657
=490  0\$a
=490  0\$aUniversal Newsreels ;$v670
=534  \\$pOriginally published:$c25 May 1938
=546  \\$aIn English
=648  \4$a1938
=648  \4$aDepression & World War II (1929–1945)
=650  \4$aAccidental deaths
=650  \4$aTransportation accidents
=650  \4$aAirplanes
=651  \4$aIndependence, OH
=655  \4$aNewsreel
=700  12$aMcNamee, Graham$4nrt
=710  2\$aUniversal Newsreel$4asg
=856  40$uhttp://famuproxy.fcla.edu/login?url=http://www.aspresolver.com/aspresolver.asp?AHIV;774634$yFAMU: Off-campus access limited to current FAMU students & employees$5FTaFA
=945  \\$a229
=950  \\$aHISC$bAHIV$bWNRV$cAHIV-V1$cVAST-BF$cWNRV-PK$cANIV-V1

