=LDR  01104ngm a2200325uu 4500
=001  032770794
=005  20140529174638.0
=008  100813s9999\\\\xx\|||\|||||||||||ml|||\d
=035  \\$aASP774658/ahiv
=245  00$aUniversal Newsreels, Release 724, November 30, 1938 /
=260  \\$aLos Angeles, CA - Hollywood :$bUniversal Pictures Company Inc.,$c1938.
=306  \\$a000916
=490  0\$a
=490  0\$aUniversal Newsreels ;$v724
=534  \\$pOriginally published:$c30 Nov 1938
=546  \\$aIn English
=648  \4$a1938
=648  \4$aDepression & World War II (1929–1945)
=650  \4$aTransportation accidents
=650  \4$aAirplanes
=650  \4$aAnimals
=650  \4$aFairs
=651  \4$aChicago, IL
=651  \4$aPoint Reyes, CA
=655  \4$aNewsreel
=700  12$aMcNamee, Graham$4nrt
=710  2\$aUniversal Newsreel$4asg
=856  40$uhttp://famuproxy.fcla.edu/login?url=http://www.aspresolver.com/aspresolver.asp?AHIV;774658$yFAMU: Off-campus access limited to current FAMU students & employees$5FTaFA
=945  \\$a229
=950  \\$aHISC$bAHIV$bWNRV$cAHIV-V1$cVAST-BF$cWNRV-PK$cANIV-V1

