=LDR  01060ngm a2200301uu 4500
=001  032771003
=005  20140529174827.0
=008  100813s9999\\\\xx\|||\|||||||||||ml|||\d
=035  \\$aASP678783/ahiv
=245  00$aUniversal Newsreels, Release 8, January 22, 1962 /
=260  \\$aLos Angeles, CA - Hollywood :$bUniversal Pictures Company Inc.,$c1962.
=306  \\$a000628
=490  0\$aAmerican History in Video
=490  0\$aUniversal Newsreels ;$v8
=534  \\$pOriginally published:$c22 Jan 1962
=546  \\$aIn English
=600  14$aGlenn, John Herschel
=648  \4$a1962
=648  \4$aThe Sixties (1960–1974)
=650  \4$aSpace exploration
=650  \4$aSpace Race, 1957-1975
=655  \4$aNewsreel
=700  12$aHerlihy, Ed$4nrt
=700  \\$aGlenn, John Herschel$4spk
=710  2\$aUniversal Newsreel$4asg
=856  40$uhttp://famuproxy.fcla.edu/login?url=http://www.aspresolver.com/aspresolver.asp?AHIV;678783$yFAMU: Off-campus access limited to current FAMU students & employees$5FTaFA
=945  \\$a229
=950  \\$aHISC$bAHIV$cAHIV-V1$cVAST-BF

