=LDR  00976ngm a2200277uu 4500
=001  032771212
=005  20140529175016.0
=008  100813s9999\\\\xx\|||\|||||||||||ml|||\d
=035  \\$aASP527317/ahiv
=245  00$aUniversal Newsreels, Release 87, October 29, 1964 /
=260  \\$aLos Angeles, CA - Hollywood :$bUniversal Pictures Company Inc.,$c1964.
=306  \\$a000549
=490  0\$aAmerican History in Video
=490  0\$aUniversal Newsreels ;$v87
=534  \\$pOriginally published:$c29 Oct 1964
=546  \\$aIn English
=600  14$aGlenn, John Herschel
=648  \4$a1964
=648  \4$aThe Sixties (1960–1974)
=650  \4$aMonasteries
=655  \4$aNewsreel
=700  12$aHerlihy, Ed$4nrt
=710  2\$aUniversal Newsreel$4asg
=856  40$uhttp://famuproxy.fcla.edu/login?url=http://www.aspresolver.com/aspresolver.asp?AHIV;527317$yFAMU: Off-campus access limited to current FAMU students & employees$5FTaFA
=945  \\$a229
=950  \\$aHISC$bAHIV$cAHIV-V1$cVAST-BF

