=LDR  01008ngm a2200289uu 4500
=001  032771421
=005  20140529175204.0
=008  100813s9999\\\\xx\|||\|||||||||||ml|||\d
=035  \\$aASP555221/ahiv
=245  00$aUniversal Newsreels, Release 95, November 26, 1959 /
=260  \\$aLos Angeles, CA - Hollywood :$bUniversal Pictures Company Inc.,$c1959.
=306  \\$a000609
=490  0\$aAmerican History in Video
=490  0\$aUniversal Newsreels ;$v95
=534  \\$pOriginally published:$c26 Nov 1959
=546  \\$aIn English
=648  \4$a1959
=648  \4$aPost-war Era (1945–1960)
=650  \4$aTransportation accidents
=650  \4$aAirplanes
=651  \4$aChicago, IL
=655  \4$aNewsreel
=700  12$aHerlihy, Ed$4nrt
=710  2\$aUniversal Newsreel$4asg
=856  40$uhttp://famuproxy.fcla.edu/login?url=http://www.aspresolver.com/aspresolver.asp?AHIV;555221$yFAMU: Off-campus access limited to current FAMU students & employees$5FTaFA
=945  \\$a229
=950  \\$aHISC$bAHIV$cAHIV-V1$cVAST-BF

