=LDR  01164ngm a2200361uu 4500
=001  032771682
=005  20140529175411.0
=008  100813s9999\\\\xx\|||\|||||||||||ml|||\d
=035  \\$aASP877579/ahiv
=245  00$aWalter H. Judd /
=260  \\$aNew York, NY :$bColumbia Broadcasting System (CBS), New York, NY,$c1954.
=306  \\$a001429
=490  0\$aAmerican History in Video
=490  0\$aChronoscope
=546  \\$aIn English
=600  14$aJudd, Walter Henry
=610  24$aUnited Nations. General Assembly
=648  \4$a1954
=648  \4$aPost-war Era (1945–1960)
=650  \4$aInternational relations
=651  \4$aChina
=651  \4$aTaiwan
=655  \4$aInterview
=700  12$aBanks, Louis$4nrt
=700  12$aLeSueur, Larry$4nrt
=700  \\$aJudd, Walter Henry$4spk
=700  1\$aJudd, Walter Henry$4ive
=700  1\$aBanks, Louis$4ivr
=700  1\$aLeSueur, Larry$4ivr
=710  2\$aChronoscope$4asg
=856  40$uhttp://famuproxy.fcla.edu/login?url=http://www.aspresolver.com/aspresolver.asp?AHIV;877579$yFAMU: Off-campus access limited to current FAMU students & employees$5FTaFA
=945  \\$a229
=950  \\$aHISC$bAHIV$cAHIV-V1$cVAST-BF

