=LDR  01137ngm a2200313uu 4500
=001  032772057
=005  20140529175738.0
=008  100813s9999\\\\xx\|||\|||||||||||ml|||\d
=035  \\$aASP1826701/artv
=245  00$aFarewells, 1911 /$cDirected by Reiner Moritz
=260  \\$aGermany :$bArtHaus Musik,$c1988.
=306  \\$a9 minutes
=490  0\$aArt and Architecture Video
=490  0\$aMasterworks: Cubism and Futurism
=520  3\$aThis documentary, by director Reiner Moritz, is about Umberto Boccini's painting 'Farewells' from 1911.
=546  \\$aIn German, Original Language in German
=600  14$aBoccini, Umberto
=650  \4$aPainters
=650  \4$aContemporary art
=650  \4$aCubism
=650  \4$aFuturism
=650  \4$aPaintings
=655  \4$aDocumentary
=700  1\$aMoritz, Reiner$4drt
=700  1\$aGreene, James$4nrt
=776  0\$cOriginal publisher catalog number$o105001
=856  40$uhttp://famuproxy.fcla.edu/login?url=http://www.aspresolver.com/aspresolver.asp?ARTV;1826701$yFAMU: Off-campus access limited to current FAMU students & employees$5FTaFA
=945  \\$a229
=950  \\$aVAND$bARTV$cARTV-V1$cVSTR-ST

