=LDR  01161ngm a2200301uu 4500
=001  032772397
=005  20140529180043.0
=008  100813s9999\\\\xx\|||\|||||||||||ml|||\d
=035  \\$aASP1678598/busv
=245  00$aSo What Do You Do All Day, Episode 4 /$cWritten and Presented by Adrian Chiles, Produced by Sara Allen and Rob Finighan, Directed by Rob Finighan
=260  \\$aLondon, England :$bBritish Broadcasting Corporation (BBC),$c2003.
=306  \\$a48 minutes
=490  0\$aGlobal Business and Economics in Video
=490  0\$aSo What Do You Do All Day? ;$v4
=546  \\$aIn English, Original Language in English
=650  \4$aAdvertising
=650  \4$aModeling
=650  \4$aModels
=650  \4$aBusiness occupations
=650  \4$aBusiness and commerce
=655  \4$aDocumentary
=700  1\$aFinighan, Rob$4drt
=700  1\$aAllen, Sara$4pro
=700  1\$aFinighan, Rob$4pro
=700  1\$aChiles, Adrian$4nrt
=856  40$uhttp://famuproxy.fcla.edu/login?url=http://www.aspresolver.com/aspresolver.asp?BUSV;1678598$yFAMU: Off-campus access limited to current FAMU students & employees$5FTaFA
=945  \\$a229
=950  \\$aVAND$bBUSV$cBUSV-V1$cVAST-BF

