=LDR  00924ngm a2200301uu 4500
=001  032773340
=005  20140529182006.0
=008  130115s9999\\\\xx\|||\|||||||||||vl|||\d
=035  \\$aASP1675574/sciv
=245  00$aPlanet Earth, Part 1
=260  \\$aFalls Church, VA$bLandmark Media$c2010
=306  \\$a26 minutes
=490  0\$aScience Video Online
=490  0\$aPlanet Earth$v1
=546  \\$aIn English, Original in English
=650  04$aPlanets
=653  00$aGlobal warming
=653  00$aClimate
=653  00$aEarth
=655  \4$aDocumentary
=700  12$aBarreau, Jean-Luc$4drt
=700  12$aBarreau, Pierre$4drt
=700  12$aBarreau, Jean-Luc$4nrt
=700  12$aJanin, Carrie$4nrt
=856  40$uhttp://famuproxy.fcla.edu/login?url=http://www.aspresolver.com/aspresolver.asp?SCIV;1675574$yFAMU: Off-campus access limited to current FAMU students & employees$5FTaFA
=901  \\$aVAND
=901  \\$bSCIV
=945  \\$a171

