=LDR  00886ngm a2200289uu 4500
=001  032773658
=005  20140529182308.0
=008  130115s9999\\\\xx\|||\|||||||||||vl|||\d
=035  \\$aASP1760669/sciv
=245  00$aDomes
=260  \\$aLondon, England$bTVF International
=306  \\$a25 minutes
=490  0\$aScience Video Online
=490  0\$aHow Did They Build That$v4
=546  \\$aIn English, Original in English
=650  04$aBuildings and structures
=653  00$aEngineering
=653  00$aSupport
=653  00$aDomes
=655  \4$aDocumentary
=700  12$aAnthony, Ben$4drt
=700  12$aMurray, Paul.$4pro
=700  12$aSteedman, Scott$4spk
=856  40$uhttp://famuproxy.fcla.edu/login?url=http://www.aspresolver.com/aspresolver.asp?SCIV;1760669$yFAMU: Off-campus access limited to current FAMU students & employees$5FTaFA
=901  \\$aVAND
=901  \\$bSCIV
=945  \\$a171

