=LDR  01640ngm a2200517uu 4500
=001  032774338
=005  20140529183001.0
=008  100813s9999\\\\xx\|||\|||||||||||ml|||\d
=035  \\$aASP1665338/whiv
=245  00$a1990 /
=260  \\$aGeelong, Victoria :$bWorld Wide Entertainment,$c2002.
=306  \\$a000509
=490  0\$aWorld History in Video
=490  0\$aMomentous Happenings ;$v12
=534  \\$pOriginally published:$c2002
=546  \\$aIn English
=600  14$aGorbachev, Mikhail Sergeyevich
=600  14$aHussein, Saddam
=600  14$aMandela, Nelson
=600  14$aThatcher, Margaret Hilda Roberts
=610  24$aNational Aeronautics and Space Administration (NASA)
=648  \4$a1990
=648  \4$a21st Century in World History (2001- )
=650  \4$aCivil disobedience
=650  \4$aHeads of state
=650  \4$aInvasions
=650  \4$aLiberty
=650  \4$aNational government
=650  \4$aPolitical prisoners
=650  \4$aSocial activists
=650  \4$aTelescopes
=650  \4$aSpacecraft
=650  \4$aPersian Gulf War, 1991
=650  \4$aNelson Mandela released from prison, 1990
=650  \4$aSoviet Union, 1922-1991
=651  \4$aIraq
=651  \4$aKuwait
=651  \4$aLithuania
=651  \4$aRussia
=651  \4$aSouth Africa
=655  \4$aDocumentary
=700  2\$aWorld Wide Entertainment$4pro
=710  2\$aWorld Wide Entertainment$4asg
=856  40$uhttp://famuproxy.fcla.edu/login?url=http://www.aspresolver.com/aspresolver.asp?WHIV;1665338$yFAMU: Off-campus access limited to current FAMU students & employees$5FTaFA
=945  \\$a229
=950  \\$aHISC$bWHIV$cWHIV-V1$cVAST-BF

