=LDR  00932ngm a2200277uu 4500
=001  032774611
=005  20140529183328.0
=008  100813s9999\\\\xx\|||\|||||||||||ml|||\d
=035  \\$aASP1729237/whiv
=245  00$aFlashbacks: Episode 17 /
=260  \\$aGeelong, Victoria :$bWorld Wide Entertainment,$c2007.
=306  \\$a000501
=490  0\$aWorld History in Video
=490  0\$aFlashbacks ;$v17
=534  \\$pOriginally published:$c2007
=546  \\$aIn English
=648  \4$a2000
=648  \4$a21st Century in World History (2001- )
=650  \4$aAccidental deaths
=650  \4$aTransportation accidents
=650  \4$aSubmarines
=655  \4$aDocumentary
=710  2\$aWorld Wide Entertainment$4asg
=856  40$uhttp://famuproxy.fcla.edu/login?url=http://www.aspresolver.com/aspresolver.asp?WHIV;1729237$yFAMU: Off-campus access limited to current FAMU students & employees$5FTaFA
=945  \\$a229
=950  \\$aHISC$bWHIV$cWHIV-V1

