=LDR  01096ngm a2200325uu 4500
=001  032774872
=005  20140529183623.0
=008  100813s9999\\\\xx\|||\|||||||||||ml|||\d
=035  \\$aASP1597220/whiv
=245  00$aThe Men Behind D-Day /
=260  \\$aLondon, England :$bBritish Broadcasting Corporation (BBC),$c2003.
=306  \\$a002343
=490  0\$aWorld History in Video
=490  0\$aHeroes of World War II ;$v10
=534  \\$pOriginally published:$c2003
=546  \\$aIn English
=648  \4$a1944
=648  \4$a20th Century in World History (1914-2000)
=650  \4$aInvasions
=650  \4$aWar
=650  \4$aD-Day Invasion, June 6, 1944
=650  \4$aWorld War II, 1939-1945
=655  \4$aDocumentary
=700  1\$aMartin, Jonathan$4pro
=700  12$aPowell, Robert.$4nrt
=700  1\$aMartin, Jonathan$4drt
=710  2\$aBBC$4asg
=856  40$uhttp://famuproxy.fcla.edu/login?url=http://www.aspresolver.com/aspresolver.asp?WHIV;1597220$yFAMU: Off-campus access limited to current FAMU students & employees$5FTaFA
=945  \\$a229
=950  \\$aHISC$bWHIV$cWHIV-V1$cVAST-BF$cVSTR-ST

