=LDR  00816ngm a2200217uu 4500
=001  032775105
=005  20140529183831.0
=008  100813s9999\\\\xx\|||\|||||||||||ml|||\d
=035  \\$aASP1854529/wnrv
=245  00$aPolygoon Hollands Nieuws : OPBRENGST TEN BATE VAN ROTTERDAM /
=260  \\$aNetherlands :$bPolygoon-Profilti,$c1940.
=306  \\$a000107
=490  0\$a
=490  0\$aPolygoon Hollands Nieuws
=546  \\$aIn Dutch
=650  \4$aGerman Occupation of the Netherlands, May 1940-May 1945
=655  \4$aNewsreel
=776  0\$cOriginal publisher catalog number$oBG_34155
=856  40$uhttp://famuproxy.fcla.edu/login?url=http://www.aspresolver.com/aspresolver.asp?WHIV;1854529$yFAMU: Off-campus access limited to current FAMU students & employees$5FTaFA
=945  \\$a229
=950  \\$aHISC$bWHIV$bWNRV$cWNRV-PK$cDNIV-V1

