=LDR  01500ngm a2200457uu 4500
=001  032775354
=005  20140529184107.0
=008  100813s9999\\\\xx\|||\|||||||||||ml|||\d
=035  \\$aASP1663916/whiv
=245  00$aWatergate Hotel and Clapham Junction /
=260  \\$aGeelong, Victoria :$bWorld Wide Entertainment,$c2007.
=306  \\$a000502
=490  0\$aWorld History in Video
=490  0\$aInfamous Places ;$v33
=534  \\$pOriginally published:$c2007
=546  \\$aIn English
=600  14$aNixon, Richard Milhous
=610  24$aDemocratic National Committee
=648  \4$a1972
=648  \4$a1988
=648  \4$a20th Century in World History (1914-2000)
=650  \4$aAccidental deaths
=650  \4$aTransportation accidents
=650  \4$aCrime
=650  \4$aCriminal investigations
=650  \4$aOffice buildings
=650  \4$aPolitical corruption
=650  \4$aPolitical intrigue
=650  \4$aScandals
=650  \4$aTrains
=650  \4$aNixon Resigns as U.S. President, 1974
=650  \4$aWatergate Scandal, 1972-1975
=651  \4$aDistrict of Columbia
=651  \4$aLondon, England
=655  \4$aDocumentary
=700  1\$aThomson, Andrew$4pro
=700  12$aSwain, Madeleine$4nrt
=710  2\$aWorld Wide Entertainment$4asg
=856  40$uhttp://famuproxy.fcla.edu/login?url=http://www.aspresolver.com/aspresolver.asp?WHIV;1663916$yFAMU: Off-campus access limited to current FAMU students & employees$5FTaFA
=945  \\$a229
=950  \\$aHISC$bWHIV$cWHIV-V1$cVAST-BF

