=LDR  02287nam a22005531a 4500
=001  032800010
=005  20140610111855.0
=006  m\\\\|o\\d\|\\\\\\
=007  cr\|n|||||||||
=008  140609m20032005nhu\\\\co\\\\\000\0\eng\d
=020  \\$a1937738760 (electronic bk.)
=020  \\$a9781937738761 (electronic bk.)
=020  \\$z1575253461 (v. 1)
=020  \\$z9781575253466 (v. 1)
=020  \\$z1575254190 (v. 3)
=020  \\$z9781575254197 (v. 3)
=020  \\$z9781575255798 (v. 4)
=020  \\$z1575255790 (v. 4)
=035  \\$a(NhCcYBP)ebl1672602
=040  \\$aNhCcYBP$cNhCcYBP
=050  \4$aPN2080$b.D33 2003
=082  04$a812/.6$222
=100  1\$aDabrowski, Kristen.
=245  10$a111 one-minute monologues$h[electronic resource] /$cKristen Dabrowski.
=246  30$aOne hundred eleven one-minute monologues
=250  \\$alst ed.
=260  \\$aHanover, N.H. :$bSmith and Kraus,$c2003-<2008>
=300  \\$a1 online resource.
=336  \\$atext$btxt$2rdacontent
=337  \\$acomputer$bc$2rdamedia
=338  \\$aonline resource$bcr$2rdacarrier
=490  1\$aThe ultimate monologue book for middle school actors ;$vv. 1, 3-4
=490  1\$aYoung actors series
=520  \\$aCollections of 111 original monologues, each about one minute long, to be used by male or female middle school actors for auditions and other purposes.
=500  \\$aDescription based on print version record.
=500  \\$aVol. 3 by L.E. McCullough.
=505  2\$a[v. 1, 3 Without special title] -- v. 4. The rich, the famous, the historical.
=533  \\$aElectronic reproduction.$bPerth, W.A.$nAvailable via World Wide Web.
=588  \\$aDescription based on print version record.
=650  \0$aMonologues$vJuvenile literature.
=650  \0$aActing$vJuvenile literature.
=650  \1$aMonologues.
=650  \1$aActing.
=700  1\$aMcCullough, L. E.
=710  2\$aEbooks Corporation
=776  08$cOriginal$z1575253461$z9781575253466$z1575254190$z9781575254197$z9781575255798$z1575255790$w(DLC) 2003057251
=830  \0$aYoung actor series.
=830  \0$aThe ultimate monologue book for middle school actors ;$vv. 1, 3-4.
=856  40$uhttp://www.ucf.eblib.com/EBLWeb/patron/?target=patron&extendedid=P_1672602_0$yClick here for FULL TEXT from EBL$zUCF login required$5FOFT

