=LDR  01266nam a2200229 a 4500
=001  032810998
=005  20140619173706.0
=006  m\\\\|\\\d\|\\\\\\
=007  cr\|n||||||||n
=008  910424s1864\\\\nyu\\\\\s\\\\\000\0\eng\d
=035  \\$a(MiFhGG)galsas200316
=040  \\$aTGPSM$cUtOrBLW
=245  04$aThe mistakes and failures of the temperance reformation$h[electronic resource].
=260  \\$aNew York :$bMason brothers,$c1864$f(John F. Trow)
=300  \\$a1 online resource (48 p.) ;$c21 cm.
=490  0\$aOccasional pamphlet : Christian, not sectarian; political, not partisan; independent, not neutral
=490  1\$aSlavery and anti-slavery: a transnational archive. Part 2: Slave trade in the Atlantic world
=599  \\$a(OCoLC)317696906
=500  \\$aReproduction of the original from the Oberlin College Library.
=650  \0$aTemperance.
=830  \0$aSlavery and anti-slavery: a transnational archive. Part 2: Slave trade in the Atlantic world.
=856  40$uhttp://ezproxy.fiu.edu/login?url=http://find.galegroup.com/sas/infomark.do?docType=ECCO&contentSet=ECCO&type=getFullCitation&tabID=T001&prodId=SAS&version=1.0&docLevel=TEXT_GRAPHICS&resultListType=RESULT_LIST&bookId=SA2B2686700100&source=library&userGroupName=miam11506$yFIU users: view content here$5FMFIU

