=LDR  01749cgm a2200445Ma 4500
=001  032814305
=005  20140624140828.0
=006  m\\\\\o\\c\\\\\\\\
=007  vz\|zazu|
=007  cr\|na\\\||a|a
=008  140203s2011\\\\miu051\gs\\\\\o\\\vleng\d
=035  \\$a(OCoLC)874049272
=040  \\$aALSTP$cALSTP$dOCLCO
=049  \\$aFHME
=245  00$aDominoes$h[electronic resource] /$cby Joshua Seel and Edward Feuerherd.
=260  \\$aLondon, England :$bEntertainment One Ltd.,$c2011.
=300  \\$a1 online resource (51 min.).
=306  \\$a005113
=490  0\$aAmerican history in video
=490  0\$aHeart of darkness: Vietnam War chronicles ;$v1
=520  3\$aIn the years after 1946, French forces struggled to maintain their influence against the tide of communist-led Vietnamese forces pursuing from the North.
=546  \\$aThis edition in English.
=650  \0$aVietnam War, 1961-1975.
=655  \7$aDocumentary films.$2lcgft
=655  \7$aInternet videos$2lcgft$5FTS
=655  \7$aStreaming video$2lcsh$5FTS
=655  \7$aOnline video$2lcgft$5FTS
=655  \7$aDocumentary films.$2lcgft
=655  \7$aInternet videos$2lcgft$5FTS
=655  \7$aStreaming video$2lcsh$5FTS
=655  \7$aOnline video$2lcgft$5FTS
=700  1\$aSeel, Joshua.$4drt$4pro
=700  1\$aFeuerherd, Edward.$4drt$4pro
=700  1\$aMiller, Larry,$d1953-$4nrt
=700  1\$aKaltenborn, H. v.$q(Hans),$d1878-1965.$4nrt
=710  2\$aCreation Films.$4pro
=776  0\$cOriginal publisher catalog number$oKOC-DV-6387
=856  40$uhttp://ezproxy.lib.usf.edu/login?url=http://www.aspresolver.com/aspresolver.asp?AHIV;1853899$3Alexander Street Press$yUSF ONLINE ACCESS$5FTS
=994  \\$a92$bFHM
=938  \\$aAlexander Street Press$bALSP$nASP1853899/ahiv

