=LDR  02836nam a2200529 ia45c0
=005  20140921034100.0
=006  m\\\\fo\\d\\\\\\\\
=007  cr\bn\nnnauuuu
=008  140601m18531854dcuch\\\o\\\\\001\0\eng\d
=035  \\$accn00447187
=040  \\$erda
=043  \\$an-us---
=049  \\$aFSU-L
=049  \\$aUF-L
=049  \\$aFAMU-L
=050  \4$aE302$b.J442 1853
=100  1\$aJefferson, Thomas,$d1743-1826$eauthor.
=240  10$aWorks.$kSelections
=245  14$aThe writings of Thomas Jefferson :$bbeing his autobiography, correspondence, reports, messages, addresses, and other writings, official and private /$cwith explanatory notes, tables of contents, and a copious index to each volume, as well as a general index to the whole, by the editor, H.A. Washington.
=264  \1$aWashington, D.C. :$bPublished by Taylor & Maury,$c1853-1854.
=264  \2$a[Getzville, NY] :$bWilliam S. Hein & Company,$c[2014]
=300  \\$a1 online resource (9 volumes) :$bportrait, facsimiles.
=336  \\$atext$2rdacontent
=337  \\$acomputer$2rdamedia
=338  \\$aonline resource$2rdacarrier
=490  1\$aHeinOnline legal classics library
=490  1\$aHeinOnline core collection
=490  1\$aHeinOnline U.S. presidential library
=588  \\$aDescription based on PDF title page, viewed June 1, 2014.
=500  \\$a"Publsihed by the order of the Joint Committee of Congress on the Library, from the original manuscripts, deposited in the Department of State."
=500  \\$aIncludes indexes.
=651  \0$aUnited States$xPolitics and government$y1775-1783.
=651  \0$aUnited States$xPolitics and government$y1783-1865.
=655  \0$aElectronic books.
=700  1\$aWashington, H. A.$q(Henry Augustine),$d1820-1858,$eeditor.
=776  08$cOriginal$w(DLC) 06007150
=830  \0$aLegal classics library.
=830  \0$aCore collection.
=830  \0$aU.S. presidential library.
=852  8\$aFTaSU-L$bFSLAW$cELEC
=852  \\$aFU-L$bUFER$cLAW
=852  8\$aFlOrFAM$bAMLAW$cLAEL$hOnline
=856  40$uhttps://login.proxy.lib.fsu.edu/login?url=http://www.heinonline.org/HOL/Index?index=beal/wrthojf&collection=beal$3HeinOnline Legal Classics Library$yFSU: Off-campus access limited to current FSU students & employees$5FTaSU
=856  40$uhttp://www.heinonline.org/HOL/Index?index=beal/wrthojf&collection=beal$3HeinOnline Legal Classics Library$yUF: Off-campus access limited to current UF students & employees$5FU
=856  40$uhttp://ezproxy.amu.edu/login?url=http://www.heinonline.org/HOL/Index?index=beal/wrthojf&collection=beal$3HeinOnline Legal Classics Library$yFAMU: Off-campus access limited to current FSU students & employees$5FTaFA
=949  \\$aE 302 .J442 1853$wLC$c1$i447187-2001$d6/2/2014$lMAIN$mHEN$q1$rY$sY$tWEB$u6/2/2014$xENG$zN-US
=997  \\$a(c)2014 Cassidy Cataloguing Services, Inc.

