=LDR  01927ngm a2200469uu 4500
=001  032828899
=005  20140707081757.0
=008  140527s2001\\\\xx||||\|\\\\\|o\\\ml\\\\d
=035  \\$a(VaAlASP)ASP1791919/pbsv
=245  00$aWinds of Change$h[electronic resource]
=260  \\$aArlington County, VA :$bPublic Broadcasting Service (PBS),$c2001.
=300  \\$a1 online resource (54 min.)
=306  \\$a005357
=490  0\$aRoman Empire in the First Century
=490  0\$aThe PBS Video Collection
=546  \\$aIn English.
=546  \\$aOriginal language in English.
=600  14$aSaint, Paul, the Apostle,.
=600  14$aSeneca, LuciusAnnaeus.
=600  14$aRome, Claudius, Emperor of.
=600  14$aRome, Nero, Emperor of.
=600  14$aAgrippina, Minor.
=650  \4$aCivilization -- Ancient civilizations.
=650  \4$aCrime -- Murder -- Assassinations.
=650  \4$aReligion -- Religious faiths -- Christianity.
=650  \4$aFires -- Wildfires.
=650  \4$aGovernment -- Government occupations -- Heads of state.
=650  \4$aReligion -- Religious practices -- Religious rites and ceremonies -- Religious conversions.
=650  \4$aReligion -- Religious movements -- Religious persecution.
=650  \4$aReligion -- Religious occupations -- Spiritual leaders.
=650  \4$aDeath -- Suicides.
=650  \4$aGreat Fire of Rome, July 19, 64.
=650  \4$aHistory -- World History -- Religion and Belief Systems.
=651  \4$aRoman Empire (Historical Place).
=651  \4$aRome, Latium.
=655  \4$aDocumentary
=700  1\$aKoval, Margaret,$eproducer.$4pro
=700  1\$aGoldfarb, Lyn,$eproducer.$4pro
=700  1\$aKoval, Margaret,$edirector.$4drt
=700  1\$aGoldfarb, Lyn,$edirector.$4drt
=776  0\$cOriginal publisher catalog number$oREFC600
=856  40$uhttp://www.aspresolver.com/aspresolver.asp?PBSV;1791919$yUF: Off-campus access limited to current UF students & employees$5FU

