=LDR  01813nam a2200433Ii 4500
=001  032829837
=005  20140707153628.0
=006  m\\\\\o\\d\\\\\\\\
=007  cr\cnu\\\unuuu
=008  140226s2014\\\\enk\\\\\ob\\\\001\0\eng\d
=020  \\$z9780199651344
=020  \\$z0199651345
=020  \\$a9780191502910 (electronic bk.)
=020  \\$a019150291X (electronic bk.)
=035  \\$a(FANhCcYBP)ebr10838972
=040  \\$aNhCcYBP$cNhCcYBP
=050  \4$aRC674
=082  04$a616.1/0231$223
=245  00$aOxford handbook of cardiac nursing /$cedited by Kate Olson.
=246  30$aCardiac nursing
=250  \\$aSecond edition.
=264  \1$aOxford, United Kingdom :$bOxford University Press,$c2014.
=300  \\$a1 online resource.
=336  \\$atext$btxt$2rdacontent
=337  \\$acomputer$bc$2rdamedia
=338  \\$aonline resource$bcr$2rdacarrier
=490  1\$aOxford handbooks in nursing
=490  1\$aOxford medical publications
=504  \\$aIncludes bibliographical references and index.
=533  \\$aElectronic reproduction.$bPalo Alto, Calif.$nAvailable via World Wide Web.
=588  \\$aDescription based on online resource; title from digital title page (viewed on Mar. 05, 2014).
=650  \0$aHeart$xDiseases$xNursing$vHandbooks, manuals, etc.
=650  \0$aCardiovascular system$xDiseases$xNursing$vHandbooks, manuals, etc.
=700  1\$aOlsen, Kate,$d1967-$eeditor of compilation.
=710  2\$aebrary, Inc.
=776  08$iPrint version:$tOxford handbook of cardiac nursing.$bSecond edition$z9780199651344
=830  \0$aOxford handbooks in nursing.
=830  \0$aOxford medical publications.
=856  40$uhttp://ezproxy.fau.edu/login?url=http://site.ebrary.com/lib/floridaatlantic/docDetail.action?docID=10838972$yFAU: Off-campus access limited to current FAU students & employees$5FBoU

