=LDR  04452cam a2200745Ia 4500
=001  032844886
=005  20150429152843.0
=006  m\\\\\o\\d\\\\\\\\
=007  cr\cnu\\\unuuu
=008  090831s2009\\\\enka\\\\ob\\\\101\0\eng\d
=016  7\$z014753867$2Uk
=019  \\$a646814139$a681605674$a756885468$a763183399
=020  \\$a9780191562020 (electronic bk.)
=020  \\$a0191562025 (electronic bk.)
=020  \\$z0199541132 (pbk.)
=020  \\$z9780199541133 (pbk.)
=020  \\$z0199541124 (hbk.)
=020  \\$z9780199541126 (hbk.)
=024  8\$a9786612235016
=029  1\$aAU@$b000051584069
=029  1\$aNZ1$b14972410
=029  1\$aDKDLA$b820120-katalog:000597578
=035  \\$a(OCoLC)434871713
=037  \\$a223501$bMIL
=040  \\$aN{dollar}T$beng$cN{dollar}T$dOCLCQ$dEBLCP$dCEF$dE7B$dOCLCQ$dMHW$dOCLCQ$dAUW$dOCLCE$dOCLCQ$dOCLCO$dOCLCQ$dYDXCP$dOCLCF
=042  \\$adlr
=049  \\$aFPUA
=050  \4$aP126$b.I585 2009eb
=072  \7$aLAN$x009010$2bisacsh
=082  04$a410$222
=084  \\$a17.50$2bcl
=245  00$aInterPhases$h[electronic resource] :$bphase-theoretic investigations of linguistic interfaces /$cedited by Kleanthes K. Grohmann.
=260  \\$aOxford ;$aNew York :$bOxford University Press,$c2009.
=300  \\$a1 online resource (xvi, 394 p.) :$bill.
=336  \\$atext$btxt$2rdacontent
=337  \\$acomputer$bc$2rdamedia
=338  \\$aonline resource$bcr$2rdacarrier
=490  1\$aOxford linguistics
=490  1\$aOxford studies in theoretical linguistics ;$v21
=500  \\$aBased on a conference held in Nicosia, Cyprus from 18 to 20 May 2006.
=504  \\$aIncludes bibliographical references (p. [354]-382) and indexes.
=505  0\$aGeneral Preface; Preface; Notes on Contributors; Abbreviations; 1 Phases and Interfaces; Part I. Conceptual Issues; Part II. Articulatory Issues; Part III. Ordering Issues; References; Author Index; Language Index; Subject Index.
=520  \\$aThis book addresses the fundamental issues in the phase-based approach to the mental computation of language that have arisen from the recent developments in the Minimalist Program. Leading linguists focus on phase theory and the interaction of syntax with the semantic and phonological interfaces. - ;This book addresses the fundamental issues in the phase-based approach to the mental computation of language that have arisen from the recent developments in the Minimalist Program. Leading linguists and promising young scholars from all over the world focus on two topics that are in the centre of.
=588  \\$aDescription based on print version record.
=506  \\$3Use copy$fRestrictions unspecified$2star$5MiAaHDL
=533  \\$aElectronic reproduction.$b[S.l.] :$cHathiTrust Digital Library,$d2010.$5MiAaHDL
=538  \\$aMaster and use copy. Digital master created according to Benchmark for Faithful Digital Reproductions of Monographs and Serials, Version 1. Digital Library Federation, December 2002.$uhttp://purl.oclc.org/DLF/benchrepro0212$5MiAaHDL
=583  1\$adigitized$c2010$hHathiTrust Digital Library$lcommitted to preserve$2pda$5MiAaHDL
=650  \0$aLinguistic analysis (Linguistics)$vCongresses.
=650  \0$aMinimalist theory (Linguistics)$vCongresses.
=650  \4$aLinguistic analysis (Linguistics)
=650  \7$aLANGUAGE ARTS & DISCIPLINES$xLinguistics$xHistorical & Comparative.$2bisacsh
=650  17$aSyntaxis.$2gtt
=650  17$aInterfaces (taalkunde)$2gtt
=650  07$aMinimalist program (Linguistik)$2swd
=655  \4$aElectronic books.
=655  \7$aConference proceedings.$2fast$0(OCoLC)fst01423772
=650  \7$aLinguistic analysis (Linguistics)$2fast$0(OCoLC)fst00999166
=650  \7$aMinimalist theory (Linguistics)$2fast$0(OCoLC)fst01022853
=700  1\$aGrohmann, Kleanthes K.
=776  08$iPrint version:$tInterPhases.$dOxford ; New York : Oxford University Press, 2009$z0199541132$z9780199541133$w(DLC) 2008049511$w(OCoLC)253213362
=830  \0$aOxford linguistics.
=830  \0$aOxford studies in theoretical linguistics ;$v21.
=856  40$uhttp://flpoly-proxy.flvc.org/login?url=http://search.ebscohost.com/login.aspx?direct=true&scope=site&db=nlebk&db=nlabk&AN=283160$yFLORIDA POLYTECHNIC UNIVERSITY ONLINE ACCESS$5FlLlFPU
=856  40$uhttp://ezproxy.lib.uwf.edu/login?url=http://search.ebscohost.com/login.aspx?direct=true&scope=site&db=nlebk&db=nlabk&AN=283160$yOff-campus access limited to UWF students and employees$zRead Online$5FPeU

