=LDR  06054cam a2200613Ma 4500
=001  032867893
=005  20150428231117.0
=006  m\\\\\o\\d\\\\\\\\
=007  cr\|n|\\\|||||
=008  120611s2012\\\\ne\a\\\\obc\\\001\0\eng\d
=020  \\$a9789004224049 (electronic bk.)
=020  \\$a9004224041 (electronic bk.)
=020  \\$z9789004223950 (hardback : alk. paper)
=020  \\$z9004223959 (hardback : alk. paper)
=029  1\$aAU@$b000050065861
=029  1\$aNZ1$b15179551
=035  \\$a(OCoLC)795120511
=040  \\$aEBLCP$beng$cEBLCP$dOCLCQ$dN{dollar}T$dE7B$dYDXCP$dOCLCQ$dUIU$dCDX
=041  1\$ajrb$aheb$aeng$hjrb$hheb
=043  \\$ae-uk-en$af-ua---
=049  \\$aFPUA
=050  \4$aZ6611.J48$bG55 2012$aBM522.A1
=072  \7$aREF$x004000$2bisacsh
=082  04$a016.2961/85$223
=100  1\$aGlick, Shmuel.
=245  10$aSeride teshuvot$h[electronic resource] :$ba descriptive catalogue of responsa fragments from the Jacques Mosseri collection, Cambridge University Library /$cby Shmuel Glick ; with Dotan Arad ... [et al.] ; Judeo-Arabic advisor: Moshe Assis and Ben Outhwaite, Daniel Davies, Siam Bhayro.
=260  \\$aLeiden ;$aBoston :$bBrill,$c2012.
=300  \\$a1 online resource (xxiv, 409, [43] p.) :$bill.
=490  1\$aÉtudes sur le Judaïsme médiéval ;$vt. 53
=490  1\$aCambridge Genizah studies series ;$vv. 3
=546  \\$aResponsa fragments in Hebrew and Judeo-Arabic with Hebrew translation, explanatory text in Hebrew and English.
=520  \\$aThe responsa in the Jacques Mosseri Genizah Collection (10th-18th century) offer a vivid window into Jewish social and legal history, wherein one discovers the rich facets of the private and public life of the medieval and early-modern Jewish community.
=504  \\$aIncludes bibliographical references and index.
=505  0\$aPreface; Introduction; Editorial Conventions; Table of Classmarks; A. RESPONSA OF PALESTINIAN GEONIM (C. 10TH-11TH CENTURIES); 1. MOSSERI Ia. 20.1--Solomon b. Judah Gaon; 2. MOSSERI II. 142.1--Solomon b. Judah Gaon; 3. MOSSERI IV. 27.1--Ephraim b. Shemariah; 4. MOSSERI VIII. 410.1--Daniel b. Azariah Gaon; 5. MOSSERI VIII. 421--Anonymous, concerning a dispute over an inheritance; B. RESPONSA OF BABYLONIAN GEONIM (C. 10TH-11TH CENTURIES); 1. MOSSERI II. 60.1--Anonymous, on the authority of the Sages to interpret the written Torah.
=505  8\$a2. Mosseri III. 33.1--Anonymous, on one born circumcised on the Sabbath3. MOSSERI III. 80.2--Anonymous, on the smuggling of pearls; 4. MOSSERI III. 115--Hai Gaon (eight responsa); 5. MOSSERI III. 234--Anonymous, on ketubba; 6. MOSSERI IV. 5--Hai Gaon (two responsa); 7. MOSSERI IV. 12.2--Ephraim b. Shemariah, a letter; 8. MOSSERI V.200.1--Serira Gaon (two responsa); 9. MOSSERI V.298.1--Anonymous, on the prohibition against eating fats (helev); 10. MOSSERI VI. 114--Hai Gaon; 11. MOSSERI VI. 152.1--Serira Gaon or Hai Gaon; 12. MOSSERI VI. 161.2--Anonymous, discussion on BT Sanhedrin 6b-8a.
=505  8\$a13. MOSSERI VI. 164.2--Anonymous, two queries on the impurity of a Caesarean birth and on the status of a firstborn14. MOSSERI VI. 177.1--Anonymous, discussion on BT Pesahim 97a; 15. MOSSERI VI. 187.1--Anonymous, on matrimony and the proper attitude toward an ignoramus ('am ha-ares'); 16. MOSSERI VI. 187.2--Anonymous, concerning a ketubba ; 17. MOSSERI VI. 203.1--Anonymous, on the obligation to celebrate two-day festivals in the Diaspora; 18. MOSSERI VII. 157--Hai Gaon to Nehemiah b. Abraham; 19. MOSSERI VIII. 404--Anonymous, pedagogical questions and answers related to the Bible.
=505  8\$a20. MOSSERI VIII. 411.1 & VIII. 413--Hai Gaon, responding to the Sages of Tlemçen21. MOSSERI VIII. 414--Hai Gaon, on the 'four paradigms of damages'; 22. MOSSERI VIII. 427.1--Hai Gaon to Judah b. Joseph of Qayrawan; 23. MOSSERI VIII. 428.2--Serira Gaon or Hai Gaon; 24. MOSSERI VIII. 432--Anonymous, on Hai Gaon's responsum explaining BT (Ketubbot 93a-b); 25. MOSSERI VIII. 434--Serira Gaon and Hai to the Sages of Fez; 26. MOSSERI VIII. 436.1--Anonymous--commentary on Gittin 59b; C. RESPONSA OF THE RISHONIM (11TH-15TH CENTURIES).
=505  8\$a1. MOSSERI I.115.1--Anonymous, concerning a creditor who holds a writ of admission2. MOSSERI I.122.1--Isaac Suwayk, on coercing a debtor to take an oath; 3. MOSSERI II. 77--Joseph ha-Levi ibn Migas, halakhic commentary; 4. MOSSERI III. 121--Abraham Maimonides (five responsa); 5. MOSSERI III. 150--Anonymous, concerning someone suspected of adultery with a married woman; 6. MOSSERI III. 182.1 & V.201--Isaac Alfasi (seven responsa); 7. MOSSERI III. 205--Gersom b. Judah (four responsa); 8. MOSSERI V.199.2--Anonymous, on selling one's fellow a field under surety.
=505  8\$a9. MOSSERI V.202-V.203--Isaac b. Seset (two responsa).
=588  \\$aDescription based on print version record.
=650  \0$aResponsa$xManuscripts$vCatalogs.
=650  \0$aManuscripts, Judeo-Arabic$zEngland$zCambridge$vCatalogs.
=650  \0$aManuscripts, Hebrew$zEngland$zCambridge$vCatalogs.
=610  20$aCambridge University Library$vCatalogs.
=650  \0$aCairo Genizah$vCatalogs.
=610  20$aCambridge University Library.$bTaylor-Schechter Genizah Research Unit.$bJacques Mosseri Collection$vCatalogs.
=650  \4$aReference & resource series.
=650  \7$aREFERENCE / Bibliographies & Indexes$2bisacsh
=655  \4$aElectronic books.
=776  08$iPrint version:$aGlick, Shmuel.$tSeride teshuvot.$dLeiden ; Boston : Brill, 2012$z9789004223950$w(DLC) 2011047824$w(OCoLC)769473561
=830  \0$aEtudes sur le judaïsme médiéval ;$vt. 53.
=830  \0$aCambridge Genizah studies series ;$vv. 3.
=856  40$uhttp://flpoly-proxy.flvc.org/login?url=http://search.ebscohost.com/login.aspx?direct=true&scope=site&db=nlebk&db=nlabk&AN=460917$yFLORIDA POLYTECHNIC UNIVERSITY ONLINE ACCESS$5FlLlFPU
=856  40$uhttp://ezproxy.lib.uwf.edu/login?url=http://search.ebscohost.com/login.aspx?direct=true&scope=site&db=nlebk&db=nlabk&AN=460917$yOff-campus access limited to UWF students and employees$zRead Online$5FPeU

