=LDR  02307cam a2200445Ia 4500
=001  032883009
=005  20140811094013.0
=008  720922s1963\\\\dcu\\\\\\bc\\f000\0\eng\d
=010  \\$aa 63007168
=035  \\$a(OCoLC)00413110
=040  \\$aDAY$beng$cDAY$dOCL$dNAR$dIXA$dOCLCQ$dSYB$dOCLCQ$dWIH$dOCLCQ$dFUG
=043  \\$ancpn---$an-us---
=049  \\$aFUGG
=050  00$aCD3026$b.A32 no.153
=086  0\$aGS 4.10:153
=100  1\$aGiroux, Richard W.,$ecompiler.
=245  10$aPreliminary inventory of the textual records of the Panama Canal :$b(Record group 185) /$ccompiled by Richard W. Giroux and revised by Garry D. Ryan.
=246  14$aTextual records of the Panama Canal
=260  \\$aWashington :$bNational Archives, National Archives and Records Service, General Services Administration,$c1963.
=300  \\$av, 36 pages ;$c26 cm.
=336  \\$atext$btxt$2rdacontent
=337  \\$aunmediated$bn$2rdamedia
=338  \\$avolume$bnc$2rdacarrier
=490  1\$aPreliminary inventories / the National Archives of the United States ;$vno. 153
=490  1\$aNational Archives publication ;$vno. 63-20
=590  \\$agift.
=500  \\$aReproduced from typescript.
=500  \\$aIncludes records of predecessor and other related agencies.
=651  \0$aPanama Canal (Panama)$xHistory$vSources$vBibliography$vCatalogs.
=651  \0$aCanal Zone$xHistory$vSources$vBibliography$vCatalogs.
=610  20$aIsthmian Canal Commission (U.S.)$xArchives$vCatalogs.
=610  10$aUnited States.$bNicaragua Canal Commission (1897-1899)$xArchives$vCatalogs.
=610  10$aUnited States.$bNicaragua Canal Board$xArchives$vCatalogs.
=610  20$aCompagnie universelle du canal interocéanique de Panama$xArchives$vCatalogs.
=610  20$aCompagnie nouvelle du canal de Panama$xArchives$vCatalogs.
=700  1\$aRyan, Garry D.,$ecompiler.
=710  1\$aUnited States.$bNational Archives and Records Service.
=776  08$iOnline version:$aGiroux, Richard W., comp.$tPreliminary inventory of the textual records of the Panama Canal.$dWashington : National Archives, National Archives and Records Service, General Services Administration, 1963$w(OCoLC)656712778
=830  \0$aNational Archives preliminary inventories ;$vno. 153.
=830  \0$aNational Archives publication (Washington, D.C.) ;$vno. 63-20.

