=LDR  02426ngm a22004693a 4500
=001  032895741
=005  20150304155939.0
=006  m|||||o||c||||||||
=007  cr\|za|||||||a
=007  vz||zazu|
=008  140410r19882012gw\010\g\\\\\\o\\\vlger\d
=035  \\$a(VaAlASP)ASP1844821/artv
=040  \\$aVaAlASP$cVaAlASP
=090  \\$aN72.A75$b.A78
=245  00$aBeta Kappa, 1961$h[electronic resource] /$cdirected by Reiner Moritz.
=260  \\$aGermany :$bArtHaus Musik,$c1988, 2012.
=300  \\$a1 online resource (10 min.).
=306  \\$a000959
=490  0\$aArt and architecture in video
=490  0\$aMasterworks: American painting of the 1950's and 60's
=500  \\$aTitle from resource description page (viewed Apr. 10, 2014).
=520  \\$aThis documentary, by director Reiner Moritz, is about Morris Louis's painting 'Beta Kappa' from 1961.
=530  \\$aPreviously released as DVD.
=533  \\$aElectronic reproduction.$bAlexandria, VA :$cAlexander Street Press,$d2014.$f(Art and architecture in video).$nAvailable via World Wide Web.
=546  \\$aThis edition in German.
=599  \\$a(OCoLC)881545982
=600  10$aLouis, Morris,$d1912-1962$xCriticism and interpretation.
=650  \0$aArt, American.
=650  \0$aArt, Modern.
=650  \0$aPainting.
=655  \7$aDocumentary film.$2lcgft
=700  1\$aGreene, James,$d1926-$4nrt
=700  1\$aMoritz, Reiner.$4drt
=776  0\$cOriginal publisher catalog number$o105002
=856  40$yUCF: Click here for ONLINE ACCESS$uhttps://login.ezproxy.net.ucf.edu/login?url=http://www.aspresolver.com/aspresolver.asp?ARTV;1844821$zArt and Architecture in Video$5FOFT
=856  40$yUCF: Click here for ONLINE ACCESS$uhttp://library.ucf.edu/Web/purl.asp?pid=1374$zArt and Architecture in Video Home Page$5FOFT
=856  40$uhttp://famuproxy.fcla.edu/login?url=http://www.aspresolver.com/aspresolver.asp?ARTV;1844821$yFAMU: Off-campus access limited to current FAMU students & employees$5FTaFA
=856  40$uhttp://ezproxy.fau.edu/login?url=http://www.aspresolver.com/aspresolver.asp?ARTV;1844821$yFAU: Off-campus access limited to current FAU students & employees$5FBoU
=856  40$uhttp://ezproxy.fgcu.edu/login?url=http://www.aspresolver.com/aspresolver.asp?ARTV;1844821$yConnect now$zFGCU: Off-campus access limited to current FGCU students & employees$5FFmFGC
=910  \\$aAL 2014-04-15
=944  \\$z1004504912
=945  \\$aThe Whole World

