=LDR  02396ngm a22004573a 4500
=001  032896036
=005  20150304160734.0
=006  m|||||o||c||||||||
=007  cr\|za|||||||a
=007  vz||zazu|
=008  140410s1988\\\\gw\010\g\\\\\\o\\\vlger\d
=035  \\$a(VaAlASP)ASP1844639/artv
=040  \\$aVaAlASP$cVaAlASP
=090  \\$aN72.A75$b.A78
=245  00$aSamson and Delilah, c. 1628-30$h[electronic resource] /$cdirected by Reiner E. Moritz.
=260  \\$aGermany :$bArtHaus Musik,$c1988.
=300  \\$a1 online resource (10 min.).
=306  \\$a000958
=490  0\$aArt and architecture in video
=490  0\$aMasterworks: Baroque
=500  \\$aTitle from resource description page (viewed Apr. 10, 2014).
=520  \\$aThis documentary, by director Reiner Moritz, is about Anthony van Dyck's painting 'Samson and Delilah' from c. 1628-30.
=530  \\$aPreviously released as DVD.
=533  \\$aElectronic reproduction.$bAlexandria, VA :$cAlexander Street Press,$d2014.$f(Art and architecture in video).$nAvailable via World Wide Web.
=546  \\$aThis edition in German.
=599  \\$a(OCoLC)881546688
=600  10$aVan Dyck, Anthony,$d1599-1641$xCriticism and interpretation.
=650  \0$aArt, Baroque.
=650  \0$aPainting.
=655  \7$aDocumentary film.$2lcgft
=700  1\$aGreene, James,$d1926-$4nrt
=700  1\$aMoritz, Reiner.$4drt
=776  0\$cOriginal publisher catalog number$o105014
=856  40$yUCF: Click here for ONLINE ACCESS$uhttps://login.ezproxy.net.ucf.edu/login?url=http://www.aspresolver.com/aspresolver.asp?ARTV;1844639$zArt and Architecture in Video$5FOFT
=856  40$yUCF: Click here for ONLINE ACCESS$uhttp://library.ucf.edu/Web/purl.asp?pid=1374$zArt and Architecture in Video Home Page$5FOFT
=856  40$uhttp://famuproxy.fcla.edu/login?url=http://www.aspresolver.com/aspresolver.asp?ARTV;1844639$yFAMU: Off-campus access limited to current FAMU students & employees$5FTaFA
=856  40$uhttp://ezproxy.fau.edu/login?url=http://www.aspresolver.com/aspresolver.asp?ARTV;1844639$yFAU: Off-campus access limited to current FAU students & employees$5FBoU
=856  40$uhttp://ezproxy.fgcu.edu/login?url=http://www.aspresolver.com/aspresolver.asp?ARTV;1844639$yConnect now$zFGCU: Off-campus access limited to current FGCU students & employees$5FFmFGC
=910  \\$aAL 2014-04-15
=944  \\$z1004504958
=945  \\$aThe Whole World

