=LDR  03274ngm a22003493a 4500
=001  032896976
=005  20150224110625.0
=006  m|||||o||c||||||||
=007  cr||n|\\\||a|a
=007  vz||zazu|
=008  130701s2010\\\\enk022\g\\\\\\s\\\vleng\d
=035  \\$a(VaAlASP)ASP1760630/curv
=040  \\$aVaAlASP$cVaAlASP
=245  03$aAn injection of hope$h[electronic resource] /$cproduced and directed by Alex Seaborne.
=260  \\$aLondon :$bSW Pictures Ltd.,$c2010.
=300  \\$a1 online resource (22 min.).
=306  \\$a002215
=490  0\$aCurrent affairs in video
=490  0\$aVaccine hunters
=599  \\$a(CaEvSKY)sky256349393
=599  \\$a(OCoLC)852995992
=500  \\$aTitle from resource description page (viewed Jul. 9, 2013).
=520  \\$aVaccines are one of the greatest medical successes of the last 100 years. Three quarters of the 130 million babies born every year are now immunized against diseases which in the past could well have killed them. Vaccines mean we live in a much healthier world, where fewer children die or become economic burdens on their families. For every dollar spent on vaccines, it's estimated 27 dollars is saved in treatment. In "Vaccine Hunters" is a ground-breaking, four-part series, made for BBC World which examines the challenges, the developments and the science of modern vaccines. The series goes round the world to investigate what is happening in the most up-to-date labs in the world to find out what vaccines are being developed, particularly the holy grail - immunizing for malaria and HIV. One of the next major developments scientists are working on is to produce vaccines that could treat as well as prevent disease. New vaccines are highly expensive to produce. So who is going to pay for the next generation of life savers, including the cost of getting vaccines from the lab to the field? Vaccines are also big money. One prediction is that the value of the global vaccine market will go from being worth over £5 billion today, to around £20 billion in ten years. A staggering increase! Thanks to immunization diseases like tetanus, polio and TB, which were feared in the past, are fading from memory. Many millions of people have been saved by vaccine programmes. But there are millions more, many living in the most remote areas, who would benefit. It's estimated 8-million people a year die from diseases simply because they don't have access to the vaccine. "Vaccine Hunters" is an informed and comprehensive look at the world of vaccines today.
=530  \\$aPreviously released as DVD.
=533  \\$aElectronic reproduction.$bAlexandria, VA :$cAlexander Street Press,$d2013.$f(Current Affairs in Video).$nAvailable via World Wide Web.
=546  \\$aThis edition in English.
=650  \0$aChildren$xHealth and hygiene.
=650  \0$aVaccines.
=655  \7$aDocumentary films.$2lcgft
=700  1\$aSeaborne, Alex.$4drt$4pro
=856  40$uhttp://ezproxy.fau.edu/login?url=http://www.aspresolver.com/aspresolver.asp?CURV;1760630$yFAU: Off-campus access limited to current FAU students & employees$5FBoU
=856  40$uhttp://ezproxy.fgcu.edu/login?url=http://www.aspresolver.com/aspresolver.asp?CURV;1760630$yConnect now$zFGCU: Off-campus access limited to current FGCU students & employees$5FFmFGC

