=LDR  02638ngm a2200505Ia 4500
=001  032903414
=005  20140801085929.0
=006  m|||||o||c||||||||
=007  vz|czazuu
=007  cr|cna
=008  130924s1995||||nyu022||||||||o|||vleng|d
=028  40$a52126$bFilms Media Group
=028  40$a52121s$bFilms Media Group
=035  \\$a(FOD)100052126
=040  \\$aAzPhAEM
=245  00$aHearst and Davies$h[electronic resource (video)] /$cCanamedia (Firm).
=260  3\$aNew York, N.Y. :$bFilms Media Group,$c[2013], c1995.
=300  \\$a1 streaming video file (22 min.) :$bsd., col.
=490  1\$aThe Achievers
=490  1\$aFilms on Demand$5FTaSU
=599  \\$a100052126
=599  \\$a(OCoLC)858999285
=500  \\$aEncoded with permission for digital streaming by Films Media Group on May 19, 2013.
=500  \\$aFilms on Demand is distributed by Films Media Group for Films for the Humanities & Sciences, Cambridge Educational, Meridian Education, and Shopware.
=505  0\$aA Publisher and His Mistress (2:15) -- Estate on the Enchanted Hill (2:23) -- A Rising Star (1:35) -- Hearst in a Murder Scandal (3:35) -- Hearst and Davies' Glamorous Life (1:33) -- Extravagance on Set (2:02) -- Davies' Fading Career (2:41) -- William Randolph Hearst and Marion Davies Notoriety (2:12) -- Hearst and Davies' Legacy (3:42) -- Credits: Hearst and Davies: The Achievers (0:23)
=506  \\$aAccess requires authentication through Films on Demand.
=520  \\$aThis is the real-life story of the highflier who inspired the fictional character of Charles Foster Kane, in Citizen Kane of 1941 - and of his much younger lover. Newspaper giant William Randolph Hearst worshipped his young Marion by dazzling her with riches and stardom.
=521  2\$a9 & up.
=538  \\$aMode of access: Internet.
=538  \\$aSystem requirements: FOD playback platform.
=588  \\$aTitle from distributor's description.
=600  10$aHearst, William Randolph,$d1863-1951
=650  \0$aBusinesspeople.
=650  \0$aEntrepreneurship.
=651  \0$aUnited States$xHistory.
=655  \0$aEducational films.
=655  \0$aInternet videos.
=655  \7$aVideorecording.$2local
=710  2\$aCanamedia (Firm).
=710  2\$aFilms for the Humanities & Sciences (Firm)
=710  2\$aFilms Media Group.
=776  0\$iOriginally produced:$dCanamedia (Firm), 1995.
=830  \0$aAchievers.
=856  40$uhttps://login.proxy.lib.fsu.edu/login?url=http://digital.films.com/PortalPlaylists.aspx?aid=1274&xtid=52126$yFSU: Off-campus access limited to current FSU students & employees$zFOD Subscription$5FTaSU
=830  \0$aFilms on Demand$5FTaSU

