=LDR  01766cam a2200349Ia 4500
=001  032905115
=005  20140804235614.0
=008  940727e199406\\maua\\\\\bt\\f001\0\eng\d
=035  \\$a(OCoLC)30837543
=040  \\$aAEN$beng$cAEN$dOCLCQ$dOCLCO$dOCLCA$dOCLCF$dFGM
=043  \\$an-us-ny
=049  \\$aFGMH
=050  \4$aTC187$b.R57 1994
=100  1\$aRhoads, Donald C.
=245  10$aAnalysis of the contribution of dredged material to sediment and contaminant fluxes in Long Island Sound /$csubmitted to Regulatory Division, New England Division, U.S. Army Corps of Engineers ; submitted by Donald C. Rhoades [of] Science Applications International Corporation.
=246  3\$aDisposal Area Monitoring System, DAMOS
=260  \\$aWaltham, MA :$bU.S. Army Corps of Engineers, New England Division,$c1994.
=300  \\$avii, 32, [2] p. :$bill. ;$c28 cm.
=490  1\$aReport ;$vno. SAIC-89/7571 & C82
=490  1\$aContribution ;$vno. 88
=500  \\$a"Disposal Area Monitoring System, DAMOS"--Cover.
=500  \\$a"Special Technical Report"--Cover.
=500  \\$a"June, 1994."
=504  \\$aIncludes bibliographical references (p. 29-32) and index.
=650  \0$aWaste disposal in the ocean$xEnvironmental aspects$zLong Island Sound (N.Y. and Conn.)
=650  \0$aDredging spoil$xEnvironmental aspects$zLong Island Sound (N.Y. and Conn.)
=650  \0$aMarine sediments$zLong Island Sound (N.Y. and Conn.)$xAnalysis.
=710  2\$aScience Applications International Corporation.
=710  1\$aUnited States.$bArmy.$bCorps of Engineers.$bNew England Division.$bRegulatory Branch.
=710  2\$aDisposal Area Monitoring System (Program)
=830  \0$aSAIC report ;$vno. 89/7571 & C82.
=830  \0$aContribution (Disposal Area Monitoring System (Program)) ;$vno. 88.

