=LDR  01641cam a2200373Ii 4500
=001  032920233
=005  20140910154236.0
=008  140526s2014\\\\cau\\\\\\b\\\\001\0\eng\d
=020  \\$a0817917551
=020  \\$a9780817917555
=035  \\$a(OCoLC)880566691
=040  \\$aYDXCP$beng$erda$cYDXCP$dBDX$dBTCTA$dOCLCQ$dOCLCO$dTFF$dIDK$dFUG
=043  \\$aaw-----
=049  \\$aFUGG
=050  \4$aDS63.18$b.A43 2014
=082  04$a956.05/4$223
=100  1\$aAjami, Fouad,$eauthor.
=245  14$aThe struggle for mastery in the fertile crescent /$cFouad Amaji.
=264  \1$aStanford, California :$bHoover Institution Press,$c2014.
=300  \\$axi, 68 pages ; 18 cm.
=336  \\$atext$btxt$2rdacontent
=337  \\$aunmediated$bn$2rdamedia
=338  \\$avolume$bnc$2rdacarrier
=490  1\$aHoover Institution Press publication ;$vno. 649
=490  1\$aThe great unraveling : the remaking of the Middle East
=599  \\$a032920233
=500  \\$aAt head of title: Herbert & Jane Dwight Working Group on Islamism and the International Order
=504  \\$aIncludes bibliographical references (page 53) and index.
=505  0\$aThe patrons -- In the name of the saints -- Blowback -- A war with no secrets -- A war with no victors -- A foreigner's gift : liberation in Iraq -- The matter of state power -- The last refuge?
=651  \0$aMiddle East$xPolitics and government$y21st century.
=650  \0$aIslam$y21st century.
=710  2\$aHerbert and Jane Dwight Working Group on Islamism and the International Order.
=830  \0$aHoover Institution Press publication ;$v649.
=830  \0$aGreat unraveling : the remaking of the Middle East.

