=LDR  03041ngm a2200493Ia 4500
=001  032946615
=005  20140916131954.0
=006  m|||||o||c||||||||
=007  vz|czazuu
=007  cr|cna
=008  140829s2013||||nyu030||||||||o|||vleng|d
=028  40$a57480s$bFilms Media Group
=028  40$a57486$bFilms Media Group
=035  \\$a(FOD)100057486
=040  \\$aAzPhAEM
=245  00$aThunderstorms$h[electronic resource (video)] /$cBBC Worldwide Ltd.
=260  3\$aNew York, N.Y. :$bFilms Media Group,$c[2014], c2013.
=300  \\$a1 streaming video file (30 min.)) :$bsd., col.
=490  1\$aFierce Earth (Series 1)
=490  1\$aFilms on Demand$5FTaSU
=599  \\$a(OCoLC)889696954
=500  \\$aEncoded with permission for digital streaming by Films Media Group on May 23, 2014.
=500  \\$aFilms on Demand is distributed by Films Media Group for Films for the Humanities & Sciences, Cambridge Educational, Meridian Education, and Shopware.
=505  0\$aIntroduction: Thunderstorms: Fierce Earth (Series 1) (1:25) -- Origins of Thunder (1:22) -- Storm Chasing (1:13) -- Simulated Lightning (4:03) -- Hail (3:31) -- Top 3 Thunderstorm Sites (0:44) -- Lightning Bolt Joe (4:02) -- High Level Repair (5:11) -- Surviving in the Woods (3:46) -- Survival Guide (1:08) -- Credits: Thunderstorms: Fierce Earth (Series 1) (0:28)
=506  1\$aAccess requires authentication through Films on Demand.
=520  \\$aAt any one time, it is estimated that 2,000 thunderstorms are happening across the world. The team investigates what makes the thundercloud so feared and Leo faces some giant hailstones. Leo and Mike enroll as pylon workers in Florida to find out how the men who do it avoid killer lightning strikes, and we meet the UK boy who cheated death when he was struck by lightning.
=521  2\$a3-11.
=538  \\$aMode of access: Internet.
=538  \\$aSystem requirements: FOD playback platform.
=588  \\$aTitle from distributor's description.
=650  \0$aLighting.
=650  \0$aThunderstorms.
=655  \0$aEducational films.
=655  \0$aInternet videos.
=655  \0$aVideorecording.$2local
=710  2\$aBBC Worldwide Ltd.
=710  2\$aFilms for the Humanities & Sciences (Firm)
=710  2\$aFilms Media Group.
=776  08$iOriginally produced:$dBBC Worldwide Ltd, 2013.
=830  \0$aFierce earth ;$vSeries 1.
=856  40$uhttp://ezproxy.fiu.edu/login?url=http://ezproxy.fiu.edu/login?url=http://digital.films.com/PortalPlaylists.aspx?aid=24982&xtid=57486$yFIU users: view content here$5FMFIU
=856  40$uhttps://login.proxy.lib.fsu.edu/login?url=http://digital.films.com/PortalPlaylists.aspx?aid=1274&xtid=57486$yFSU: Off-campus access limited to current FSU students & employees$zFOD Subscription$5FTaSU
=830  \0$aFilms on Demand$5FTaSU
=856  40$uhttp://ezproxy.fgcu.edu/login?url=http://ezproxy.fgcu.edu/login?url=http://digital.films.com/PortalPlaylists.aspx?aid=21751&xtid=57486$zFGCU: Off-campus access limited to current FGCU students and employees.$yConnect Now$5FFmFGC

