=LDR  03249nam a2200565 ia45c0
=005  20140915170800.0
=006  m\\\\fo\\d\f\\\\\\
=007  cr\bn\nnnauuuu
=008  140718s1986\\\\dcu\\\\\ol\\\f000\0\eng\d
=035  \\$accn00451285
=040  \\$erda
=043  \\$an-us---
=049  \\$aFSU-L
=049  \\$aUF-L
=049  \\$aFAMU-L
=050  \4$aKF4310$b.U55 1986
=110  1\$aUnited States,$eenacting jurisdiction.
=245  10$aCompilation of legislative histories P.L. 100-555 and P.L. 588, histories concerned with the protection of archeological resources.
=246  1\$iHeinOnline index title:$aLegislative history of the compilation of legislative histories P.L. 100-555 and P.L. 588, histories concerned with the protection of archeological resources P.L. 100-555
=246  30$aP.L. 100-555
=246  30$aP.L. 588
=246  3\$aPublic Law 100-555
=246  3\$aPublic Law 588
=264  \1$a[Washington, D.C.] :$b[Arnold & Porter],$c[1986]
=264  \2$a[Getzville, NY] :$bWilliam S. Hein & Company,$c[2014]
=300  \\$a1 online resource (1 volume, various pagings).
=336  \\$atext$2rdacontent
=337  \\$acomputer$2rdamedia
=338  \\$aonline resource$2rdacarrier
=490  1\$aHeinOnline U.S. federal legislative history library
=490  1\$aHeinOnline core collection
=588  \\$aDescription based on PDF title page, viewed July 18, 2014.
=500  \\$a"An Act: To improve the protection and management of archeological resources on Federal land.": P.L. 100-555: document no. 1.
=500  \\$a"An Act: To amend the Archaeological Resources Protection Act of 1979 to strengthen the enforcement provisions of that Act, and for other purposes.": P.L. 100-588: document no. 1.
=650  10$aCultural property$xProtection$xLaw and legislation$zUnited States.
=650  \0$aArchaeology$xLaw and legislation$zUnited States.
=650  \0$aPublic lands$zUnited States$xManagement.
=655  \0$aElectronic books.
=655  \7$aLegislative histories.$2lcgft
=710  2\$aArnold & Porter,$ecompiler.
=830  \0$aU.S. federal legislative history library.
=830  \0$aCore collection.
=852  8\$aFTaSU-L$bFSLAW$cELEC
=852  \\$aFU-L$bUFER$cLAW
=852  8\$aFlOrFAM$bAMLAW$cLAEL$hOnline
=856  40$uhttps://login.proxy.lib.fsu.edu/login?url=http://www.heinonline.org/HOL/Page?handle=hein.leghis/cmplhst0001&id=1&collection=leghis&index=alpha/L_leghis#1$3HeinOnline U.S. Federal Legislative History Library$yFSU: Off-campus access limited to current FSU students & employees$5FTaSU
=856  40$uhttp://www.heinonline.org/HOL/Page?handle=hein.leghis/cmplhst0001&id=1&collection=leghis&index=alpha/L_leghis#1$3HeinOnline U.S. Federal Legislative History Library$yUF: Off-campus access limited to current UF students & employees$5FU
=856  40$uhttp://ezproxy.amu.edu/login?url=http://www.heinonline.org/HOL/Page?handle=hein.leghis/cmplhst0001&id=1&collection=leghis&index=alpha/L_leghis#1$3HeinOnline U.S. Federal Legislative History Library$yFAMU: Off-campus access limited to current FSU students & employees$5FTaFA
=949  \\$aKF 4310 .U55 1986$wLC$c1$i451285-2001$d8/1/2014$lMAIN$mHEN$q1$rY$sY$tWEB$u8/1/2014$xENG$zN-US
=997  \\$a(c)2014 Cassidy Cataloguing Services, Inc.

