=LDR  02441ngm a2200469Ia 4500
=001  032955311
=005  20141009130700.0
=006  m|||||o||c||||||||
=007  vz|czazuu
=007  cr|cna
=008  140910s2014||||nyu004||||||||o|||vleng|d
=028  40$a57774s$bFilms Media Group
=028  40$a57793$bFilms Media Group
=035  \\$a(FOD)100057793
=040  \\$aAzPhAEM
=245  00$aName that Timbre.$nPart 2$h[electronic resource (video)] /$cThe Discovery Orchestra.
=260  3\$aNew York, N.Y. :$bFilms Media Group,$c[2014], c2014
=300  \\$a1 streaming video file (4 min.) :$bsd., col.
=490  1\$aDiscovery Orchestra Chats
=490  1\$aFilms on Demand$5FTaSU
=500  \\$aEncoded with permission for digital streaming by Films Media Group on June 18, 2014.
=500  \\$aFilms on Demand is distributed by Films Media Group for Films for the Humanities & Sciences, Cambridge Educational, Meridian Education, and Shopware.
=505  0\$aName that Timbre Part 2 (4:00)
=506  1\$aAccess requires authentication through Films on Demand.
=520  \\$aThis Chat features an exploration of the timbres of the oboe and English Horn using excerpts by Dvorak, Ravel and Rossini.
=538  \\$aMode of access: Internet.
=538  \\$aSystem requirements: FOD playback platform.
=588  \\$aTitle from distributor's description.
=650  \0$aMusical analysis.
=650  \0$aTone color (Music)
=655  \0$aEducational films.
=655  \0$aInternet videos.
=655  \0$aVideorecording.$2local
=710  2\$aFilms for the Humanities & Sciences (Firm)
=710  2\$aFilms Media Group.
=710  2\$aThe Discovery Orchestra.
=776  08$iOriginally produced:$dThe Discovery Orchestra, 2014.
=830  \0$aDiscovery Orchestra Chats
=856  40$uhttp://ezproxy.fiu.edu/login?url=http://ezproxy.fiu.edu/login?url=http://digital.films.com/PortalPlaylists.aspx?aid=24982&xtid=57793$yFIU users: view content here$5FMFIU
=856  40$uhttps://login.proxy.lib.fsu.edu/login?url=http://digital.films.com/PortalPlaylists.aspx?aid=1274&xtid=57793$yFSU: Off-campus access limited to current FSU students & employees$zFOD Subscription$5FTaSU
=830  \0$aFilms on Demand$5FTaSU
=856  40$uhttp://ezproxy.fgcu.edu/login?url=http://ezproxy.fgcu.edu/login?url=http://digital.films.com/PortalPlaylists.aspx?aid=21751&xtid=57793$zFGCU: Off-campus access limited to current FGCU students and employees.$yConnect Now$5FFmFGC

