=LDR  02385cam a22003613a 4500
=001  032973993
=005  20141002115823.0
=006  m|||||o||d||||||||
=007  cr\|n||||||||a
=008  140228s2011\\\\scuac\\\o\\\\\001\0ceng\d
=035  \\$a(VaAlASP)ASP46710004/lrho
=040  \\$aVaAlASP$cVaAlASP
=043  \\$an-us-nj
=090  \\$aF144.O15
=100  1\$aMiller, Fred,$d1941-$4aut
=245  10$aLegendary locals of Ocean City, New Jersey$h[electronic resource] /$cFred and Susan Miller.
=246  14$aLegendary locals of Ocean City
=246  30$aOcean City, New Jersey
=260  \\$aCharleston, SC :$bLegendary Locals, an imprint of Arcadia Pub.,$c2011.
=300  \\$a1 online resource (127 p.) :$bchiefly ill., ports.
=490  0\$aImages of America
=490  0\$aLegendary locals
=599  \\$a(OCoLC)885208335
=500  \\$aIncludes index.
=505  0\$aA vision becomes reality -- A modern resort evolves -- All roads lead to Ocean City -- A summer vacation, a permanent home.
=520  \\$aOcean City has been called America's Greatest Family Resort since the slogan was adopted by the chamber of commerce in 1920. But it has always been a gathering place for families, beginning in 1879 when the Lake family came here to build a Christian Seaside Resort. Since those early years, Ocean City has evolved into a community of diverse people, with the value of family still holding strong. While famous people, such as actress Grace Kelly and author Gay Talese, called Ocean City home, most of the people in this book are ordinary citizens. Many of these families are third and fourth generation. Some trace their roots back to the Lakes, others have grandparents or great-grandparents who came here as immigrants. Still others have moved here more recently; all contribute to making Ocean City a wonderful place to live and work.
=650  \0$aCelebrities$zNew Jersey$zOcean City$vBiography.
=651  \0$aOcean City (N.J.)$vBiography$vPictorial works.
=651  \0$aOcean City (N.J.)$xHistory$vPictorial works.
=651  \0$aOcean City (N.J.)$xSocial life and customs$vPictorial works.
=700  1\$aMiller, Susan.$4aut
=776  0\$cOriginal$z9781467100045$w(DLC) 2011938418$w(OCoLC)759916699
=856  40$uhttp://ezproxy.fau.edu/login?url=http://www.aspresolver.com/aspresolver.asp?LRHO;46710004$yFAU: Off-campus access limited to current FAU students & employees$5FBoU

