=LDR  01826ngm a22003973a 4500
=001  032974782
=005  20150304162231.0
=006  m|||||o||c||||||||
=007  cr\|za|||||||a
=007  vz||zazu|
=008  140328s1990\\\\nyu027\g\\\\\\o\\\vleng\d
=035  \\$a(VaAlASP)ASP2073687/blsv
=040  \\$aVaAlASP$cVaAlASP
=245  00$aIs Alaska a land of opportunity?$h[electronic resource] /$cby Bob Morris.
=260  \\$aNew York :$bTony Brown Productions Inc.,$c1990.
=300  \\$a1 online resource (27 min.).
=306  \\$a002715
=490  0\$aBlack studies in video
=490  0\$aTony Brown's Journal
=599  \\$a(OCoLC)881547618
=500  \\$aTitle from resource description page (viewed March 28, 2014).
=520  \\$aThis 1990 episode of Tony Brown's Journal is a discussion of the Alaskan lifestyle with Louis E. Overstreet, Bettye Davis, and Sterling Taylor.
=530  \\$aPreviously released as DVD.
=533  \\$aElectronic reproduction.$bAlexandria, VA :$cAlexander Street Press,$d2013.$f(Black studies in video).$nAvailable via World Wide Web.
=546  \\$aThis edition in English.
=650  \0$aRace relations$zAlaska.
=655  \7$aFilmed interviews.$2lcgft
=700  1\$aMorris, Bob.$4drt
=700  1\$aOverstreet, E. Louis.$4ive
=700  1\$aDavis, Bettye.$4ive
=700  1\$aTaylor, Sterling.$4ive
=700  1\$aCannady, James.$4pro
=700  1\$aCannady, Sheryl J.$4pro
=700  1\$aBrown, Tony$c(Journalist)$4ivr$4pro
=856  40$uhttp://ezproxy.fau.edu/login?url=http://www.aspresolver.com/aspresolver.asp?BLSV;2073687$yFAU: Off-campus access limited to current FAU students & employees$5FBoU
=856  40$uhttp://ezproxy.fgcu.edu/login?url=http://www.aspresolver.com/aspresolver.asp?BLSV;2073687$yConnect now$zFGCU: Off-campus access limited to current FGCU students & employees$5FFmFGC

