=LDR  02123ngm a22004093a 4500
=001  032975725
=005  20150311141220.0
=006  m|||||o||c||||||||
=007  cr\|n||||||||a
=007  vz\|za|z|
=008  140509s2011\\\\vra024\e\\\\\|o\\\v|eng\d
=035  \\$a(VaAlASP)ASP2116729/curv
=040  \\$aVaAlASP$cVaAlASP
=245  00$aPolitical movers and shakers$h[electronic resource] /$cwritten and narrated by Amanda Brocklebank.
=260  \\$aGeelong, Victoria :$bSwitch International,$c2011.
=300  \\$a1 online resource (24 min.)
=306  \\$a002406
=490  0\$aAdvocates of change: people taking on the world
=490  0\$aCurrent affairs in video
=599  \\$a(OCoLC)884892229
=500  \\$aTitle from resource description page (viewed May 9, 2014).
=520  \\$aIn this episode of Advocates of Change, we look at Political Movers and Shakers - Barack Obama, Mikhail Gorbachev, Charles De Gaulle, Bill Clinton, and Nicolas Sarkozy - who have pioneered, developed or forever improved the way the world works. These individuals have been responsible for significant advancements in the field of politics.
=530  \\$aPreviously released as DVD.
=533  \\$aElectronic reproduction.$bAlexandria, VA :$cAlexander Street Press,$d2014.$f(Current Affairs in Video).$nAvailable via World Wide Web.
=546  \\$aThis edition in English.
=600  10$aObama, Barack.
=600  10$aGorbachev, Mikhail Sergeevich,$d1931-
=600  10$aGaulle, Charles de,$d1890-1970.
=600  10$aClinton, Bill,$d1946-
=600  10$aSarkozy, Nicolas,$d1955-
=650  \0$aHeads of state.
=650  \0$aPoliticians.
=655  \7$aDocumentary films.$2lcgft
=700  1\$aBrocklebank, Amanda.$4nrt
=710  2\$aWorld Wide Entertainment (Firm)$4prn
=856  40$uhttp://ezproxy.fau.edu/login?url=http://www.aspresolver.com/aspresolver.asp?CURV;2116729$yFAU: Off-campus access limited to current FAU students & employees$5FBoU
=856  40$uhttp://ezproxy.fgcu.edu/login?url=http://www.aspresolver.com/aspresolver.asp?CURV;2116729$yConnect now$zFGCU: Off-campus access limited to current FGCU students & employees$5FFmFGC

