=LDR  02060ngm a22003853a 4500
=001  032976120
=005  20150305105220.0
=006  m|||||o||c||||||||
=007  cr\|n||||||||a
=007  vz\|za|z|
=008  140509s2009\\\\onc022\e\\\\\|o\\\vleng\d
=035  \\$a(VaAlASP)ASP2145252/envv
=040  \\$aVaAlASP$cVaAlASP
=245  00$aNatural prevention$h[electronic resource] /$cby Rob Gould.
=260  \\$aMadoc, ON :$bAmpersand,$c2009.
=300  \\$a1 online resource (22 min.).
=306  \\$a002113
=490  0\$aEnvironmental studies in video
=490  0\$aNature Inc. ;$v2
=599  \\$a(OCoLC)884786281
=500  \\$aTitle from resource description page (viewed May 9, 2014).
=520  \\$aNature is priceless, but what if we try to put a price on it? What its costing in cold hard cash not to conserve ecosystems and how much can be made in investing in it. This series reveals in this six eye-opening episodes just how much nature is worth to our economy through unbelievable examples such as honeybee population crash threatening the 2 billion dollar almond industry in California or the coral reefs that are worth 30 billion dollars a year.
=530  \\$aPreviously released as DVD.
=533  \\$aElectronic reproduction.$bAlexandria, VA :$cAlexander Street Press,$d2014.$f(Environmental Studies in Video).$nAvailable via World Wide Web.
=546  \\$aThis edition in English.
=650  \0$aCoral reef conservation.
=650  \0$aEnvironmental economics.
=650  \0$aFlood control.
=650  \0$aHuman ecology.
=650  \0$aNatural disasters$xEconomic aspects.
=655  \7$aDocumentary films.$2lcgft
=700  1\$aBurden, Rachel.$4nrt
=700  1\$aGould, Rob.$4pro
=856  40$uhttp://ezproxy.fau.edu/login?url=http://www.aspresolver.com/aspresolver.asp?ENVV;2145252$yFAU: Off-campus access limited to current FAU students & employees$5FBoU
=856  40$uhttp://ezproxy.fgcu.edu/login?url=http://www.aspresolver.com/aspresolver.asp?ENVV;2145252$yConnect now$zFGCU: Off-campus access limited to current FGCU students & employees$5FFmFGC

