=LDR  01675ngm a22003493a 4500
=001  032976849
=005  20150305111231.0
=006  m|||||o||c||||||||
=007  cr\|za|||||||a
=007  vz||zazu|
=008  140415s2000\\\\enk049\g\\\\\\o\\\vleng\d
=035  \\$a(VaAlASP)ASP2240834/hlth
=040  \\$aVaAlASP$cVaAlASP
=245  00$aYou've been trained$h[electronic resource] /$cby Jenny Crowther.
=260  \\$aLondon, England :$bBritish Broadcasting Corporation (BBC),$c2000.
=300  \\$a1 online resource (49 min.).
=306  \\$a004915
=490  0\$aHealth and society in video
=490  0\$aModern Times
=599  \\$a(OCoLC)881549906
=500  \\$aTitle from resource description page (viewed Apr. 15, 2014).
=520  \\$aThis documentary, produced and directed by Jenny Crowther, discusses three different people in Britain attempting to get healthy through personal training.
=530  \\$aPreviously released as DVD.
=533  \\$aElectronic reproduction.$bAlexandria, VA :$cAlexander Street Press,$d2014.$f(Health and society in video).$nAvailable via World Wide Web.
=546  \\$aThis edition in English.
=650  \0$aObesity.
=650  \0$aPersonal trainers.
=655  \7$aDocumentary films.$2lcgft
=700  1\$aLincoln, Andrew,$d1973-$4nrt
=700  1\$aCrowther, Jenny.$4drt$4pro
=856  40$uhttp://ezproxy.fau.edu/login?url=http://www.aspresolver.com/aspresolver.asp?HLTH;2240834$yFAU: Off-campus access limited to current FAU students & employees$5FBoU
=856  40$uhttp://ezproxy.fgcu.edu/login?url=http://www.aspresolver.com/aspresolver.asp?HLTH;2240834$yConnect now$zFGCU: Off-campus access limited to current FGCU students & employees$5FFmFGC

