=LDR  01835ngm a22003493a 4500
=001  032977358
=005  20150306130710.0
=006  m|||||o||c||||||||
=007  cr\|n||||||||a
=007  vz\|za|z|
=008  140513s2008\\\\cau029\e\\\\\|o\\\v|eng\d
=035  \\$a(VaAlASP)ASP2163378/vast
=040  \\$aVaAlASP$cVaAlASP
=245  00$aAngular acceleration & moment of inertia$h[electronic resource] /$cproduced by Jason Gibson.
=260  \\$aLos Angeles ;$aVenice :$bTMW Media Group,$c2008.
=300  \\$a1 online resource (29 min.)
=306  \\$a002931
=490  0\$aPhysics tutor
=490  0\$aVAST: academic video online
=599  \\$a(OCoLC)885256070
=500  \\$aTitle from resource description page (viewed June 26, 2014).
=520  \\$aThis program explains the moment of inertia and how it governs the way a body will behave in rotational motion. Then Jason Gibson works out problems, one step at a time, demonstrating how to calculate the moment of inertia and apply this to problems when the body is rotated.
=530  \\$aPreviously released as DVD.
=533  \\$aElectronic reproduction.$bAlexandria, VA :$cAlexander Street Press,$d2014.$f(VAST: academic video online).$nAvailable via World Wide Web.
=546  \\$aThis edition in English.
=650  \0$aAngular momentum.
=650  \0$aInertia (Mechanics)
=650  \0$aPhysics$xProblems, exercises, etc.
=655  \7$aInstructional films.$2lcgft
=700  1\$aGibson, Jason$c(Math instructor)$4pro
=856  40$uhttp://ezproxy.fau.edu/login?url=http://www.aspresolver.com/aspresolver.asp?VAST;2163378$yFAU: Off-campus access limited to current FAU students & employees$5FBoU
=856  40$uhttp://ezproxy.fgcu.edu/login?url=http://www.aspresolver.com/aspresolver.asp?VAST;2163378$yConnect now$zFGCU: Off-campus access limited to current FGCU students & employees$5FFmFGC

