=LDR  01743ngm a22003373a 4500
=001  032977697
=005  20150312100006.0
=006  m|||||o||c||||||||
=007  cr\|n||||||||a
=007  vz\|za|z|
=008  140513s2012\\\\xna001\e\\\\\|o\\\v|eng\d
=035  \\$a(VaAlASP)ASP2127108/vast
=040  \\$aVaAlASP$cVaAlASP
=245  00$aEating insects$h[electronic resource] /$cproduced by ABC Commercial.
=260  \\$aNew South Wales :$bABC Commercial,$c2012.
=300  \\$a1 online resource (1 min.)
=306  \\$a000120
=490  0\$aCatalyst ;$vSeries 13, Episode 4, Part 2
=490  0\$aVAST: academic video online
=599  \\$a(OCoLC)885256403
=500  \\$aTitle from resource description page (viewed July 10, 2014).
=520  \\$aEver had butterflies in your stomach? What about locusts? In the future, dining on a tasty plate of invertebrates might be as normal as throwing a prawn on the barbie. Right now, the UN is exploring how insects can be farmed to help feed our seven billion hungry mouths.
=533  \\$aElectronic reproduction.$bAlexandria, VA :$cAlexander Street Press,$d2014.$f(VAST: academic video online).$nAvailable via World Wide Web.
=546  \\$aThis edition in English.
=650  \0$aCooking (Insects)
=650  \0$aEdible insects.
=655  \7$aDocumentary films.$2lcgft
=700  1\$aHobbs, Bernie.$4nrt
=710  2\$aABC Commercial.$4prn
=856  40$uhttp://ezproxy.fau.edu/login?url=http://www.aspresolver.com/aspresolver.asp?VAST;2127108$yFAU: Off-campus access limited to current FAU students & employees$5FBoU
=856  40$uhttp://ezproxy.fgcu.edu/login?url=http://www.aspresolver.com/aspresolver.asp?VAST;2127108$yConnect now$zFGCU: Off-campus access limited to current FGCU students & employees$5FFmFGC

