=LDR  01603ngm a22003133a 4500
=001  032977982
=005  20150306131823.0
=006  m|||||o||c||||||||
=007  cr\|n||||||||a
=007  vz\|za|z|
=008  140513s2011\\\\vra002\e\\\\\|o\\\v|eng\d
=035  \\$a(VaAlASP)ASP2153927/vast
=040  \\$aVaAlASP$cVaAlASP
=245  00$aLibrary$h[electronic resource] /$cproduced by Switch International.
=260  \\$aGeelong, Victoria :$bSwitch International,$c2011.
=300  \\$a1 online resource (2 min.)
=306  \\$a000233
=490  0\$aIn short : a lesson on almost everything ;$vEpisode 98
=490  0\$aVAST: academic video online
=599  \\$a(OCoLC)885257195
=500  \\$aTitle from resource description page (viewed July 15, 2014).
=520  \\$aThe great Library of Alexandria was established in the third century BC. It became a centre for mathematics, physics and astronomy and it earned a legendary reputation.
=533  \\$aElectronic reproduction.$bAlexandria, VA :$cAlexander Street Press,$d2014.$f(VAST: academic video online).$nAvailable via World Wide Web.
=546  \\$aThis edition in English.
=610  20$aAlexandrian Library.
=655  \7$aDocumentary films.$2lcgft
=710  2\$aSwitch International.$4prn
=856  40$uhttp://ezproxy.fau.edu/login?url=http://www.aspresolver.com/aspresolver.asp?VAST;2153927$yFAU: Off-campus access limited to current FAU students & employees$5FBoU
=856  40$uhttp://ezproxy.fgcu.edu/login?url=http://www.aspresolver.com/aspresolver.asp?VAST;2153927$yConnect now$zFGCU: Off-campus access limited to current FGCU students & employees$5FFmFGC

