=LDR  01894ngm a22003733a 4500
=001  032978444
=005  20150306141008.0
=006  m|||||o||c||||||||
=007  cr\|n||||||||a
=007  vz\|za|z|
=008  140513s2010\\\\po\029\e\\\\\|o\\\v|eng\d
=035  \\$a(VaAlASP)ASP2042295/vast
=040  \\$aVaAlASP$cVaAlASP
=245  00$aSession 1,$fWednesday, January 13 2010$h[electronic resource] :$bHASI & electric conductivity and field results /$cfeaturing Rejean Grard and Darrell Strobel.
=260  \\$a[Portugal] :$bLightcurve Films,$c2010.
=300  \\$a1 online resource (29 min.)
=306  \\$a002916
=490  0\$aCassini-Huygens Project: Huygens-Legacy and future Titan exploration
=490  0\$aVAST: academic video online
=599  \\$a(OCoLC)885258015
=500  \\$aTitle from resource description page (viewed July 1, 2014).
=520  \\$aThis is a presentation given during the Cassini-Huygens Project: Huygens-Legacy and Future Titan Exploration meeting, held from 13 to 15 of January 2010 in Barcelona.
=533  \\$aElectronic reproduction.$bAlexandria, VA :$cAlexander Street Press,$d2014.$f(VAST: academic video online).$nAvailable via World Wide Web.
=546  \\$aThis edition in English.
=610  20$aCassini (Spacecraft)
=610  20$aHuygens Probe (Spacecraft)
=650  \0$aSaturn probes.
=651  \0$aSaturn (Planet)$xExploration.
=651  \0$aTItan (Satellite)$xExploration.
=655  \7$aFilmed lectures.$2lcgft
=700  1\$aGrard, R. J. L.$4spk
=700  1\$aStrobel, Darrell.$4spk
=856  40$uhttp://ezproxy.fau.edu/login?url=http://www.aspresolver.com/aspresolver.asp?VAST;2042295$yFAU: Off-campus access limited to current FAU students & employees$5FBoU
=856  40$uhttp://ezproxy.fgcu.edu/login?url=http://www.aspresolver.com/aspresolver.asp?VAST;2042295$yConnect now$zFGCU: Off-campus access limited to current FGCU students & employees$5FFmFGC

