=LDR  01797ngm a22003373a 4500
=001  032978982
=005  20150306142002.0
=006  m|||||o||c||||||||
=007  cr\|n||||||||a
=007  vz\|za|z|
=008  140513s2008\\\\cau018\e\\\\\|o\\\v|eng\d
=035  \\$a(VaAlASP)ASP2158946/vast
=040  \\$aVaAlASP$cVaAlASP
=245  00$aWork$h[electronic resource] /$cpresented by Jason Gibson.
=260  \\$aLos Angeles ;$aVenice :$bTMW Media Group,$c2008.
=300  \\$a1 online resource (18 min.)
=306  \\$a001815
=490  0\$aPhysics tutor
=490  0\$aVAST: academic video online
=599  \\$a(OCoLC)885259475
=500  \\$aTitle from resource description page (viewed June 26, 2014).
=520  \\$aThis program teaches the concept of Work in Physics. Work is done on a body when a force acts on an object that causes it to move. Several examples problems are worked out, one step at a time, to illustrate clearly these points, including problems where the force acts at an angle to the motion of the object.
=530  \\$aPreviously released as DVD.
=533  \\$aElectronic reproduction.$bAlexandria, VA :$cAlexander Street Press,$d2014.$f(VAST: academic video online).$nAvailable via World Wide Web.
=546  \\$aThis edition in English.
=650  \0$aPhysics$xProblems, exercises, etc.
=650  \0$aWork (Mechanics)
=655  \7$aInstructional films.$2lcgft
=700  1\$aGibson, Jason$c(Math instructor)$4pro
=856  40$uhttp://ezproxy.fau.edu/login?url=http://www.aspresolver.com/aspresolver.asp?VAST;2158946$yFAU: Off-campus access limited to current FAU students & employees$5FBoU
=856  40$uhttp://ezproxy.fgcu.edu/login?url=http://www.aspresolver.com/aspresolver.asp?VAST;2158946$yConnect now$zFGCU: Off-campus access limited to current FGCU students & employees$5FFmFGC

