=LDR  02961cam a2200625Ii 4500
=001  032993677
=005  20150114180435.0
=006  m\\\\\o\\d\\\\\\\\
=007  cr\cnu|||unuuu
=008  140918s2014\\\\sz\a\\\\ob\\\\101\0\eng\d
=020  \\$a9783319109367 (electronic bk.)
=020  \\$a3319109367 (electronic bk.)
=020  \\$z9783319109350
=024  7\$a10.1007/978-3-319-10936-7$2doi
=029  1\$aNLGGC$b382584384
=035  \\$a(OCoLC)890802507
=040  \\$aGW5XE$beng$erda$epn$cGW5XE$dOCLCA$dYDXCP
=049  \\$aFXGG
=050  \4$aQA76.6
=072  \7$aUM$2bicssc
=072  \7$aUYF$2bicssc
=072  \7$aCOM051000$2bisacsh
=072  \7$aCOM036000$2bisacsh
=082  04$a005.1$223
=111  2\$aInternational Static Analysis Symposium$n(21st :$d2014 :$cMunich, Germany)
=245  10$aStatic analysis :$b21st International Symposium, SAS 2014, Munich, Germany, September 11-13, 2014. Proceedings /$cMarkus Müller-Olm, Helmut Seidl (eds.).
=246  3\$aSAS 2014
=264  \1$aCham :$bSpringer,$c2014.
=300  \\$a1 online resource (xviii, 337 pages) :$billustrations.
=336  \\$atext$btxt$2rdacontent
=337  \\$acomputer$bc$2rdamedia
=338  \\$aonline resource$bcr$2rdacarrier
=490  1\$aLecture Notes in Computer Science,$x0302-9743 ;$v8723
=490  1\$aAdvanced research in computing and software science
=490  1\$aLNCS sublibrary. SL 1, Theoretical computer science and general issues
=500  \\$aInternational conference proceedings.
=504  \\$aIncludes bibliographical references and author index.
=588  \\$aDescription based on online resource; title from PDF title page (SpringerLink, viewed September 18, 2014).
=650  \0$aComputer programming$vCongresses.
=650  \0$aSoftware engineering$vCongresses.
=650  14$aComputer Science.
=650  24$aLogics and Meanings of Programs.
=650  24$aSoftware Engineering.
=650  24$aProgramming Languages, Compilers, Interpreters.
=650  24$aMathematical Logic and Formal Languages.
=655  \4$aElectronic books.
=700  1\$aMüller-Olm, Markus,$eeditor.
=700  1\$aSeidl, Helmut$c(Computer scientist)$eeditor.
=830  \0$aLecture notes in computer science ;$v8723.$x0302-9743
=830  \0$aLecture notes in computer science.$pAdvanced research in computing and software science.
=830  \0$aLNCS sublibrary.$nSL 1,$pTheoretical computer science and general issues.
=856  40$uhttp://ezproxy.fiu.edu/login?url=http://dx.doi.org/10.1007/978-3-319-10936-7$yFIU users: view content here$5FMFIU
=856  40$3SpringerLink$uhttp://ezproxy.lib.usf.edu/login?url=http://dx.doi.org/10.1007/978-3-319-10936-7$yUSF ONLINE ACCESS$5FTS
=856  40$3SpringerLink$uhttp://ezproxy.lib.usf.edu/login?url=http://dx.doi.org/10.1007/978-3-319-10936-7$yUSF ONLINE ACCESS$5FTS
=856  40$3SpringerLink$uhttp://dx.doi.org/10.1007/978-3-319-10936-7$yUF: Off-campus access limited to current UF students & employees$5FU

